{
  "symbol": "DB",
  "annualReports": [
    {
      "fiscalDateEnding": "2024-12-31",
      "reportedCurrency": "EUR",
      "grossProfit": "28218000000",
      "totalRevenue": "66340000000",
      "costOfRevenue": "38122000000",
      "costofGoodsAndServicesSold": "38122000000",
      "operatingIncome": "5291000000",
      "sellingGeneralAndAdministrative": "18231000000",
      "researchAndDevelopment": "None",
      "operatingExpenses": "22927000000",
      "investmentIncomeNet": "None",
      "netInterestIncome": "13064000000",
      "interestIncome": "49356000000",
      "interestExpense": "36292000000",
      "nonInterestIncome": "None",
      "otherNonOperatingIncome": "None",
      "depreciation": "None",
      "depreciationAndAmortization": "None",
      "incomeBeforeTax": "5291000000",
      "incomeTaxExpense": "1786000000",
      "interestAndDebtExpense": "None",
      "netIncomeFromContinuingOperations": "3505000000",
      "comprehensiveIncomeNetOfTax": "None",
      "ebit": "None",
      "ebitda": "5291000000",
      "netIncome": "3366000000"
    },
    {
      "fiscalDateEnding": "2023-12-31",
      "reportedCurrency": "EUR",
      "grossProfit": "27370000000",
      "totalRevenue": "59348000000",
      "costOfRevenue": "31978000000",
      "costofGoodsAndServicesSold": "31978000000",
      "operatingIncome": "5678000000",
      "sellingGeneralAndAdministrative": "17826000000",
      "researchAndDevelopment": "None",
      "operatingExpenses": "21692000000",
      "investmentIncomeNet": "None",
      "netInterestIncome": "14116000000",
      "interestIncome": "40013000000",
      "interestExpense": "30473000000",
      "nonInterestIncome": "None",
      "otherNonOperatingIncome": "None",
      "depreciation": "None",
      "depreciationAndAmortization": "1942000000",
      "incomeBeforeTax": "5678000000",
      "incomeTaxExpense": "787000000",
      "interestAndDebtExpense": "None",
      "netIncomeFromContinuingOperations": "5439000000",
      "comprehensiveIncomeNetOfTax": "None",
      "ebit": "5716000000",
      "ebitda": "5678000000",
      "netIncome": "4772000000"
    },
    {
      "fiscalDateEnding": "2022-12-31",
      "reportedCurrency": "EUR",
      "grossProfit": "25430000000",
      "totalRevenue": "37305000000",
      "costOfRevenue": "11875000000",
      "costofGoodsAndServicesSold": "11875000000",
      "operatingIncome": "5594000000",
      "sellingGeneralAndAdministrative": "16814000000",
      "researchAndDevelopment": "None",
      "operatingExpenses": "19836000000",
      "investmentIncomeNet": "None",
      "netInterestIncome": "13650000000",
      "interestIncome": "24299000000",
      "interestExpense": "10649000000",
      "nonInterestIncome": "None",
      "otherNonOperatingIncome": "None",
      "depreciation": "None",
      "depreciationAndAmortization": "1942000000",
      "incomeBeforeTax": "5594000000",
      "incomeTaxExpense": "-64000000",
      "interestAndDebtExpense": "None",
      "netIncomeFromContinuingOperations": "5658000000",
      "comprehensiveIncomeNetOfTax": "None",
      "ebit": "5594000000",
      "ebitda": "5594000000",
      "netIncome": "5525000000"
    },
    {
      "fiscalDateEnding": "2021-12-31",
      "reportedCurrency": "EUR",
      "grossProfit": "25303000000",
      "totalRevenue": "25303000000",
      "costOfRevenue": "5960000000",
      "costofGoodsAndServicesSold": "5960000000",
      "operatingIncome": "3245000000",
      "sellingGeneralAndAdministrative": "17392000000",
      "researchAndDevelopment": "None",
      "operatingExpenses": "-22058000000",
      "investmentIncomeNet": "None",
      "netInterestIncome": "11155000000",
      "interestIncome": "16599000000",
      "interestExpense": "5445000000",
      "nonInterestIncome": "None",
      "otherNonOperatingIncome": "None",
      "depreciation": "None",
      "depreciationAndAmortization": "2008000000",
      "incomeBeforeTax": "3390000000",
      "incomeTaxExpense": "880000000",
      "interestAndDebtExpense": "None",
      "netIncomeFromContinuingOperations": "2510000000",
      "comprehensiveIncomeNetOfTax": "None",
      "ebit": "3245000000",
      "ebitda": "3245000000",
      "netIncome": "2365000000"
    },
    {
      "fiscalDateEnding": "2020-12-31",
      "reportedCurrency": "EUR",
      "grossProfit": "23891000000",
      "totalRevenue": "23891000000",
      "costOfRevenue": "8073000000",
      "costofGoodsAndServicesSold": "8073000000",
      "operatingIncome": "874000000",
      "sellingGeneralAndAdministrative": "20730000000",
      "researchAndDevelopment": "None",
      "operatingExpenses": "-23017000000",
      "investmentIncomeNet": "None",
      "netInterestIncome": "11549000000",
      "interestIncome": "17954000000",
      "interestExpense": "6405000000",
      "nonInterestIncome": "None",
      "otherNonOperatingIncome": "None",
      "depreciation": "None",
      "depreciationAndAmortization": "2061000000",
      "incomeBeforeTax": "1003000000",
      "incomeTaxExpense": "391000000",
      "interestAndDebtExpense": "None",
      "netIncomeFromContinuingOperations": "612000000",
      "comprehensiveIncomeNetOfTax": "None",
      "ebit": "874000000",
      "ebitda": "874000000",
      "netIncome": "483000000"
    },
    {
      "fiscalDateEnding": "2019-12-31",
      "reportedCurrency": "EUR",
      "grossProfit": "22948000000",
      "totalRevenue": "22948000000",
      "costOfRevenue": "12181000000",
      "costofGoodsAndServicesSold": "12181000000",
      "operatingIncome": "-2760000000",
      "sellingGeneralAndAdministrative": "23395000000",
      "researchAndDevelopment": "0",
      "operatingExpenses": "-25708000000",
      "investmentIncomeNet": "None",
      "netInterestIncome": "13750000000",
      "interestIncome": "25149000000",
      "interestExpense": "11400000000",
      "nonInterestIncome": "None",
      "otherNonOperatingIncome": "0",
      "depreciation": "None",
      "depreciationAndAmortization": "2305000000",
      "incomeBeforeTax": "-2634000000",
      "incomeTaxExpense": "2630000000",
      "interestAndDebtExpense": "None",
      "netIncomeFromContinuingOperations": "-5264000000",
      "comprehensiveIncomeNetOfTax": "None",
      "ebit": "-2760000000",
      "ebitda": "-2760000000",
      "netIncome": "-5264000000"
    },
    {
      "fiscalDateEnding": "2018-12-31",
      "reportedCurrency": "EUR",
      "grossProfit": "25095000000",
      "totalRevenue": "25095000000",
      "costOfRevenue": "11927000000",
      "costofGoodsAndServicesSold": "11927000000",
      "operatingIncome": "12856000000",
      "sellingGeneralAndAdministrative": "19467000000",
      "researchAndDevelopment": "0",
      "operatingExpenses": "19745000000",
      "investmentIncomeNet": "None",
      "netInterestIncome": "13192000000",
      "interestIncome": "24792000000",
      "interestExpense": "11600000000",
      "nonInterestIncome": "None",
      "otherNonOperatingIncome": "0",
      "depreciation": "None",
      "depreciationAndAmortization": "1525000000",
      "incomeBeforeTax": "1330000000",
      "incomeTaxExpense": "989000000",
      "interestAndDebtExpense": "None",
      "netIncomeFromContinuingOperations": "341000000",
      "comprehensiveIncomeNetOfTax": "None",
      "ebit": "12856000000",
      "ebitda": "12856000000",
      "netIncome": "267000000"
    },
    {
      "fiscalDateEnding": "2017-12-31",
      "reportedCurrency": "EUR",
      "grossProfit": "25268000000",
      "totalRevenue": "36966000000",
      "costOfRevenue": "11698000000",
      "costofGoodsAndServicesSold": "11698000000",
      "operatingIncome": "1228000000",
      "sellingGeneralAndAdministrative": "20297000000",
      "researchAndDevelopment": "0",
      "operatingExpenses": "24040000000",
      "investmentIncomeNet": "None",
      "netInterestIncome": "12378000000",
      "interestIncome": "24004000000",
      "interestExpense": "11165000000",
      "nonInterestIncome": "None",
      "otherNonOperatingIncome": "0",
      "depreciation": "None",
      "depreciationAndAmortization": "1376000000",
      "incomeBeforeTax": "1228000000",
      "incomeTaxExpense": "1963000000",
      "interestAndDebtExpense": "None",
      "netIncomeFromContinuingOperations": "-735000000",
      "comprehensiveIncomeNetOfTax": "None",
      "ebit": "1092000000",
      "ebitda": "1228000000",
      "netIncome": "-751000000"
    },
    {
      "fiscalDateEnding": "2016-12-31",
      "reportedCurrency": "EUR",
      "grossProfit": "29576000000",
      "totalRevenue": "29576000000",
      "costOfRevenue": "4090040848409700",
      "costofGoodsAndServicesSold": "4090040848409700",
      "operatingIncome": "10074000000",
      "sellingGeneralAndAdministrative": "20591000000",
      "researchAndDevelopment": "0",
      "operatingExpenses": "20876000000",
      "investmentIncomeNet": "None",
      "netInterestIncome": "14707000000",
      "interestIncome": "25430000000",
      "interestExpense": "10930000000",
      "nonInterestIncome": "None",
      "otherNonOperatingIncome": "0",
      "depreciation": "None",
      "depreciationAndAmortization": "1260000000",
      "incomeBeforeTax": "-810000000",
      "incomeTaxExpense": "546000000",
      "interestAndDebtExpense": "None",
      "netIncomeFromContinuingOperations": "-1356000000",
      "comprehensiveIncomeNetOfTax": "None",
      "ebit": "10074000000",
      "ebitda": "10074000000",
      "netIncome": "-1402000000"
    },
    {
      "fiscalDateEnding": "2015-12-31",
      "reportedCurrency": "EUR",
      "grossProfit": "32404000000",
      "totalRevenue": "43476000000",
      "costOfRevenue": "11072000000",
      "costofGoodsAndServicesSold": "11072000000",
      "operatingIncome": "-6097000000",
      "sellingGeneralAndAdministrative": "22440000000",
      "researchAndDevelopment": "0",
      "operatingExpenses": "38501000000",
      "investmentIncomeNet": "None",
      "netInterestIncome": "15881000000",
      "interestIncome": "25967000000",
      "interestExpense": "10085000000",
      "nonInterestIncome": "None",
      "otherNonOperatingIncome": "0",
      "depreciation": "None",
      "depreciationAndAmortization": "1149000000",
      "incomeBeforeTax": "-6097000000",
      "incomeTaxExpense": "675000000",
      "interestAndDebtExpense": "None",
      "netIncomeFromContinuingOperations": "-10231858429.28",
      "comprehensiveIncomeNetOfTax": "None",
      "ebit": "3988000000",
      "ebitda": "-6097000000",
      "netIncome": "-6794000000"
    },
    {
      "fiscalDateEnding": "2014-12-31",
      "reportedCurrency": "EUR",
      "grossProfit": "31331000000",
      "totalRevenue": "31331000000",
      "costOfRevenue": "25417309627.44",
      "costofGoodsAndServicesSold": "25417309627.44",
      "operatingIncome": "13817000000",
      "sellingGeneralAndAdministrative": "27455000000",
      "researchAndDevelopment": "0",
      "operatingExpenses": "27455000000",
      "investmentIncomeNet": "None",
      "netInterestIncome": "None",
      "interestIncome": "None",
      "interestExpense": "10729000000",
      "nonInterestIncome": "None",
      "otherNonOperatingIncome": "0",
      "depreciation": "None",
      "depreciationAndAmortization": "-4960000000",
      "incomeBeforeTax": "3116000000",
      "incomeTaxExpense": "1425000000",
      "interestAndDebtExpense": "None",
      "netIncomeFromContinuingOperations": "2994038666.66",
      "comprehensiveIncomeNetOfTax": "None",
      "ebit": "13817000000",
      "ebitda": "13817000000",
      "netIncome": "1663000000"
    },
    {
      "fiscalDateEnding": "2013-12-31",
      "reportedCurrency": "EUR",
      "grossProfit": "31568000000",
      "totalRevenue": "31568000000",
      "costOfRevenue": "17681213000",
      "costofGoodsAndServicesSold": "17681213000",
      "operatingIncome": "12208000000",
      "sellingGeneralAndAdministrative": "20608000000",
      "researchAndDevelopment": "None",
      "operatingExpenses": "20922000000",
      "investmentIncomeNet": "None",
      "netInterestIncome": "None",
      "interestIncome": "None",
      "interestExpense": "10767000000",
      "nonInterestIncome": "None",
      "otherNonOperatingIncome": "None",
      "depreciation": "None",
      "depreciationAndAmortization": "-4934000000",
      "incomeBeforeTax": "1456000000",
      "incomeTaxExpense": "775000000",
      "interestAndDebtExpense": "None",
      "netIncomeFromContinuingOperations": "None",
      "comprehensiveIncomeNetOfTax": "None",
      "ebit": "12208000000",
      "ebitda": "12208000000",
      "netIncome": "666000000"
    },
    {
      "fiscalDateEnding": "2012-12-31",
      "reportedCurrency": "EUR",
      "grossProfit": "33582000000",
      "totalRevenue": "33582000000",
      "costOfRevenue": "23829740000",
      "costofGoodsAndServicesSold": "23829740000",
      "operatingIncome": "17081000000",
      "sellingGeneralAndAdministrative": "28956000000",
      "researchAndDevelopment": "None",
      "operatingExpenses": "28956000000",
      "investmentIncomeNet": "None",
      "netInterestIncome": "None",
      "interestIncome": "None",
      "interestExpense": "16351000000",
      "nonInterestIncome": "None",
      "otherNonOperatingIncome": "None",
      "depreciation": "None",
      "depreciationAndAmortization": "-5689000000",
      "incomeBeforeTax": "784000000",
      "incomeTaxExpense": "493000000",
      "interestAndDebtExpense": "None",
      "netIncomeFromContinuingOperations": "None",
      "comprehensiveIncomeNetOfTax": "None",
      "ebit": "17081000000",
      "ebitda": "17081000000",
      "netIncome": "237000000"
    },
    {
      "fiscalDateEnding": "2011-12-31",
      "reportedCurrency": "EUR",
      "grossProfit": "31613000000",
      "totalRevenue": "50380000000",
      "costOfRevenue": "18767000000",
      "costofGoodsAndServicesSold": "18767000000",
      "operatingIncome": "5390000000",
      "sellingGeneralAndAdministrative": "21241000000",
      "researchAndDevelopment": "None",
      "operatingExpenses": "26223000000",
      "investmentIncomeNet": "None",
      "netInterestIncome": "None",
      "interestIncome": "None",
      "interestExpense": "16921000000",
      "nonInterestIncome": "None",
      "otherNonOperatingIncome": "None",
      "depreciation": "None",
      "depreciationAndAmortization": "3697000000",
      "incomeBeforeTax": "5390000000",
      "incomeTaxExpense": "1064000000",
      "interestAndDebtExpense": "None",
      "netIncomeFromContinuingOperations": "None",
      "comprehensiveIncomeNetOfTax": "None",
      "ebit": "5390000000",
      "ebitda": "9087000000",
      "netIncome": "4132000000"
    },
    {
      "fiscalDateEnding": "2010-12-31",
      "reportedCurrency": "EUR",
      "grossProfit": "29279000000",
      "totalRevenue": "43767000000",
      "costOfRevenue": "14488000000",
      "costofGoodsAndServicesSold": "14488000000",
      "operatingIncome": "3975000000",
      "sellingGeneralAndAdministrative": "19630000000",
      "researchAndDevelopment": "None",
      "operatingExpenses": "25304000000",
      "investmentIncomeNet": "None",
      "netInterestIncome": "None",
      "interestIncome": "None",
      "interestExpense": "13196000000",
      "nonInterestIncome": "None",
      "otherNonOperatingIncome": "None",
      "depreciation": "None",
      "depreciationAndAmortization": "4255000000",
      "incomeBeforeTax": "3975000000",
      "incomeTaxExpense": "1645000000",
      "interestAndDebtExpense": "None",
      "netIncomeFromContinuingOperations": "None",
      "comprehensiveIncomeNetOfTax": "None",
      "ebit": "3975000000",
      "ebitda": "8230000000",
      "netIncome": "2310000000"
    },
    {
      "fiscalDateEnding": "2009-12-31",
      "reportedCurrency": "EUR",
      "grossProfit": "24966000000",
      "totalRevenue": "42155000000",
      "costOfRevenue": "17189000000",
      "costofGoodsAndServicesSold": "17189000000",
      "operatingIncome": "5202000000",
      "sellingGeneralAndAdministrative": "17420000000",
      "researchAndDevelopment": "None",
      "operatingExpenses": "19764000000",
      "investmentIncomeNet": "None",
      "netInterestIncome": "None",
      "interestIncome": "None",
      "interestExpense": "14494000000",
      "nonInterestIncome": "None",
      "otherNonOperatingIncome": "None",
      "depreciation": "None",
      "depreciationAndAmortization": "1782000000",
      "incomeBeforeTax": "5202000000",
      "incomeTaxExpense": "244000000",
      "interestAndDebtExpense": "None",
      "netIncomeFromContinuingOperations": "None",
      "comprehensiveIncomeNetOfTax": "None",
      "ebit": "5202000000",
      "ebitda": "6984000000",
      "netIncome": "4973000000"
    },
    {
      "fiscalDateEnding": "2008-12-31",
      "reportedCurrency": "EUR",
      "grossProfit": "11333000000",
      "totalRevenue": "54556000000",
      "costOfRevenue": "43223000000",
      "costofGoodsAndServicesSold": "43223000000",
      "operatingIncome": "-5741000000",
      "sellingGeneralAndAdministrative": "14974000000",
      "researchAndDevelopment": "None",
      "operatingExpenses": "17074000000",
      "investmentIncomeNet": "None",
      "netInterestIncome": "None",
      "interestIncome": "None",
      "interestExpense": "42096000000",
      "nonInterestIncome": "None",
      "otherNonOperatingIncome": "None",
      "depreciation": "None",
      "depreciationAndAmortization": "3054381680",
      "incomeBeforeTax": "-5741000000",
      "incomeTaxExpense": "-1845000000",
      "interestAndDebtExpense": "None",
      "netIncomeFromContinuingOperations": "None",
      "comprehensiveIncomeNetOfTax": "None",
      "ebit": "-5741000000",
      "ebitda": "-2686618320",
      "netIncome": "-3835000000"
    },
    {
      "fiscalDateEnding": "2007-12-31",
      "reportedCurrency": "EUR",
      "grossProfit": "28712000000",
      "totalRevenue": "85154000000",
      "costOfRevenue": "56442000000",
      "costofGoodsAndServicesSold": "56442000000",
      "operatingIncome": "8749000000",
      "sellingGeneralAndAdministrative": "18338000000",
      "researchAndDevelopment": "None",
      "operatingExpenses": "19963000000",
      "investmentIncomeNet": "None",
      "netInterestIncome": "None",
      "interestIncome": "None",
      "interestExpense": "55826000000",
      "nonInterestIncome": "None",
      "otherNonOperatingIncome": "None",
      "depreciation": "None",
      "depreciationAndAmortization": "1733879360",
      "incomeBeforeTax": "8749000000",
      "incomeTaxExpense": "2239000000",
      "interestAndDebtExpense": "None",
      "netIncomeFromContinuingOperations": "None",
      "comprehensiveIncomeNetOfTax": "None",
      "ebit": "8749000000",
      "ebitda": "10482879360",
      "netIncome": "6474000000"
    },
    {
      "fiscalDateEnding": "2006-12-31",
      "reportedCurrency": "EUR",
      "grossProfit": "27502000000",
      "totalRevenue": "79067000000",
      "costOfRevenue": "51565000000",
      "costofGoodsAndServicesSold": "51565000000",
      "operatingIncome": "8339000000",
      "sellingGeneralAndAdministrative": "16802000000",
      "researchAndDevelopment": "None",
      "operatingExpenses": "19163000000",
      "investmentIncomeNet": "None",
      "netInterestIncome": "None",
      "interestIncome": "None",
      "interestExpense": "51267000000",
      "nonInterestIncome": "None",
      "otherNonOperatingIncome": "None",
      "depreciation": "None",
      "depreciationAndAmortization": "1557052950",
      "incomeBeforeTax": "8339000000",
      "incomeTaxExpense": "2260000000",
      "interestAndDebtExpense": "None",
      "netIncomeFromContinuingOperations": "None",
      "comprehensiveIncomeNetOfTax": "None",
      "ebit": "8339000000",
      "ebitda": "9896052950",
      "netIncome": "6070000000"
    },
    {
      "fiscalDateEnding": "2005-12-31",
      "reportedCurrency": "EUR",
      "grossProfit": "24125000000",
      "totalRevenue": "60206000000",
      "costOfRevenue": "36081000000",
      "costofGoodsAndServicesSold": "36081000000",
      "operatingIncome": "6112000000",
      "sellingGeneralAndAdministrative": "10993000000",
      "researchAndDevelopment": "None",
      "operatingExpenses": "18013000000",
      "investmentIncomeNet": "None",
      "netInterestIncome": "None",
      "interestIncome": "None",
      "interestExpense": "35707000000",
      "nonInterestIncome": "None",
      "otherNonOperatingIncome": "None",
      "depreciation": "None",
      "depreciationAndAmortization": "1472476640",
      "incomeBeforeTax": "6112000000",
      "incomeTaxExpense": "2583000000",
      "interestAndDebtExpense": "None",
      "netIncomeFromContinuingOperations": "None",
      "comprehensiveIncomeNetOfTax": "None",
      "ebit": "6112000000",
      "ebitda": "7584476640",
      "netIncome": "3529000000"
    }
  ],
  "quarterlyReports": [
    {
      "fiscalDateEnding": "2025-09-30",
      "reportedCurrency": "EUR",
      "grossProfit": "7607000000",
      "totalRevenue": "15077000000",
      "costOfRevenue": "7470000000",
      "costofGoodsAndServicesSold": "7470000000",
      "operatingIncome": "2445000000",
      "sellingGeneralAndAdministrative": "5178000000",
      "researchAndDevelopment": "None",
      "operatingExpenses": "5162000000",
      "investmentIncomeNet": "None",
      "netInterestIncome": "3916000000",
      "interestIncome": "10969000000",
      "interestExpense": "7053000000",
      "nonInterestIncome": "None",
      "otherNonOperatingIncome": "None",
      "depreciation": "None",
      "depreciationAndAmortization": "None",
      "incomeBeforeTax": "2445000000",
      "incomeTaxExpense": "626000000",
      "interestAndDebtExpense": "None",
      "netIncomeFromContinuingOperations": "1819000000",
      "comprehensiveIncomeNetOfTax": "None",
      "ebit": "None",
      "ebitda": "2445000000",
      "netIncome": "1773000000"
    },
    {
      "fiscalDateEnding": "2025-06-30",
      "reportedCurrency": "USD",
      "grossProfit": "7398000000",
      "totalRevenue": "15027000000",
      "costOfRevenue": "7629000000",
      "costofGoodsAndServicesSold": "7629000000",
      "operatingIncome": "2421000000",
      "sellingGeneralAndAdministrative": "4959000000",
      "researchAndDevelopment": "None",
      "operatingExpenses": "4977000000",
      "investmentIncomeNet": "None",
      "netInterestIncome": "3837000000",
      "interestIncome": "11043000000",
      "interestExpense": "7206000000",
      "nonInterestIncome": "None",
      "otherNonOperatingIncome": "None",
      "depreciation": "None",
      "depreciationAndAmortization": "None",
      "incomeBeforeTax": "2421000000",
      "incomeTaxExpense": "688000000",
      "interestAndDebtExpense": "None",
      "netIncomeFromContinuingOperations": "1733000000",
      "comprehensiveIncomeNetOfTax": "None",
      "ebit": "None",
      "ebitda": "2421000000",
      "netIncome": "1687000000"
    },
    {
      "fiscalDateEnding": "2025-03-31",
      "reportedCurrency": "USD",
      "grossProfit": "8073000000",
      "totalRevenue": "16367000000",
      "costOfRevenue": "8294000000",
      "costofGoodsAndServicesSold": "8294000000",
      "operatingIncome": "2837000000",
      "sellingGeneralAndAdministrative": "5221000000",
      "researchAndDevelopment": "None",
      "operatingExpenses": "5236000000",
      "investmentIncomeNet": "None",
      "netInterestIncome": "3670000000",
      "interestIncome": "11493000000",
      "interestExpense": "7823000000",
      "nonInterestIncome": "None",
      "otherNonOperatingIncome": "None",
      "depreciation": "None",
      "depreciationAndAmortization": "None",
      "incomeBeforeTax": "2837000000",
      "incomeTaxExpense": "825000000",
      "interestAndDebtExpense": "None",
      "netIncomeFromContinuingOperations": "2012000000",
      "comprehensiveIncomeNetOfTax": "None",
      "ebit": "None",
      "ebitda": "2837000000",
      "netIncome": "1968000000"
    },
    {
      "fiscalDateEnding": "2024-12-31",
      "reportedCurrency": "EUR",
      "grossProfit": "6772000000",
      "totalRevenue": "15267000000",
      "costOfRevenue": "8495000000",
      "costofGoodsAndServicesSold": "8495000000",
      "operatingIncome": "582000000",
      "sellingGeneralAndAdministrative": "1368000000",
      "researchAndDevelopment": "None",
      "operatingExpenses": "6190000000",
      "investmentIncomeNet": "None",
      "netInterestIncome": "3657000000",
      "interestIncome": "11732000000",
      "interestExpense": "8075000000",
      "nonInterestIncome": "None",
      "otherNonOperatingIncome": "None",
      "depreciation": "None",
      "depreciationAndAmortization": "None",
      "incomeBeforeTax": "582000000",
      "incomeTaxExpense": "246000000",
      "interestAndDebtExpense": "None",
      "netIncomeFromContinuingOperations": "336000000",
      "comprehensiveIncomeNetOfTax": "None",
      "ebit": "None",
      "ebitda": "582000000",
      "netIncome": "303000000"
    },
    {
      "fiscalDateEnding": "2024-09-30",
      "reportedCurrency": "USD",
      "grossProfit": "6987000000",
      "totalRevenue": "16589000000",
      "costOfRevenue": "9602000000",
      "costofGoodsAndServicesSold": "9602000000",
      "operatingIncome": "2262000000",
      "sellingGeneralAndAdministrative": "4812000000",
      "researchAndDevelopment": "None",
      "operatingExpenses": "4725000000",
      "investmentIncomeNet": "None",
      "netInterestIncome": "3254000000",
      "interestIncome": "12362000000",
      "interestExpense": "9108000000",
      "nonInterestIncome": "None",
      "otherNonOperatingIncome": "None",
      "depreciation": "None",
      "depreciationAndAmortization": "68000000",
      "incomeBeforeTax": "2262000000",
      "incomeTaxExpense": "597000000",
      "interestAndDebtExpense": "None",
      "netIncomeFromContinuingOperations": "1665000000",
      "comprehensiveIncomeNetOfTax": "None",
      "ebit": "2194000000",
      "ebitda": "2262000000",
      "netIncome": "1633000000"
    },
    {
      "fiscalDateEnding": "2024-06-30",
      "reportedCurrency": "USD",
      "grossProfit": "7122000000",
      "totalRevenue": "17226000000",
      "costOfRevenue": "10104000000",
      "costofGoodsAndServicesSold": "10104000000",
      "operatingIncome": "411000000",
      "sellingGeneralAndAdministrative": "6748000000",
      "researchAndDevelopment": "None",
      "operatingExpenses": "6711000000",
      "investmentIncomeNet": "None",
      "netInterestIncome": "3023000000",
      "interestIncome": "12651000000",
      "interestExpense": "9628000000",
      "nonInterestIncome": "None",
      "otherNonOperatingIncome": "None",
      "depreciation": "None",
      "depreciationAndAmortization": "-365000000",
      "incomeBeforeTax": "411000000",
      "incomeTaxExpense": "358000000",
      "interestAndDebtExpense": "None",
      "netIncomeFromContinuingOperations": "53000000",
      "comprehensiveIncomeNetOfTax": "None",
      "ebit": "10040000000",
      "ebitda": "411000000",
      "netIncome": "8000000"
    },
    {
      "fiscalDateEnding": "2024-03-31",
      "reportedCurrency": "EUR",
      "grossProfit": "7334000000",
      "totalRevenue": "17255000000",
      "costOfRevenue": "9921000000",
      "costofGoodsAndServicesSold": "9921000000",
      "operatingIncome": "2036000000",
      "sellingGeneralAndAdministrative": "5303000000",
      "researchAndDevelopment": "None",
      "operatingExpenses": "5298000000",
      "investmentIncomeNet": "None",
      "netInterestIncome": "3129000000",
      "interestIncome": "12611000000",
      "interestExpense": "9482000000",
      "nonInterestIncome": "None",
      "otherNonOperatingIncome": "None",
      "depreciation": "None",
      "depreciationAndAmortization": "-2035000000",
      "incomeBeforeTax": "2036000000",
      "incomeTaxExpense": "585000000",
      "interestAndDebtExpense": "None",
      "netIncomeFromContinuingOperations": "1451000000",
      "comprehensiveIncomeNetOfTax": "None",
      "ebit": "1866000000",
      "ebitda": "2036000000",
      "netIncome": "1422000000"
    },
    {
      "fiscalDateEnding": "2023-12-31",
      "reportedCurrency": "EUR",
      "grossProfit": "6150000000",
      "totalRevenue": "15695000000",
      "costOfRevenue": "9545000000",
      "costofGoodsAndServicesSold": "9545000000",
      "operatingIncome": "698000000",
      "sellingGeneralAndAdministrative": "1737000000",
      "researchAndDevelopment": "None",
      "operatingExpenses": "5452000000",
      "investmentIncomeNet": "None",
      "netInterestIncome": "5744000000",
      "interestIncome": "11753000000",
      "interestExpense": "9057000000",
      "nonInterestIncome": "None",
      "otherNonOperatingIncome": "None",
      "depreciation": "None",
      "depreciationAndAmortization": "-1388000000",
      "incomeBeforeTax": "698000000",
      "incomeTaxExpense": "-731000000",
      "interestAndDebtExpense": "None",
      "netIncomeFromContinuingOperations": "2990000000",
      "comprehensiveIncomeNetOfTax": "None",
      "ebit": "902000000",
      "ebitda": "698000000",
      "netIncome": "1399000000"
    },
    {
      "fiscalDateEnding": "2023-09-30",
      "reportedCurrency": "EUR",
      "grossProfit": "6910000000",
      "totalRevenue": "15237000000",
      "costOfRevenue": "8327000000",
      "costofGoodsAndServicesSold": "8327000000",
      "operatingIncome": "1723000000",
      "sellingGeneralAndAdministrative": "5164000000",
      "researchAndDevelopment": "None",
      "operatingExpenses": "5187000000",
      "investmentIncomeNet": "None",
      "netInterestIncome": "3344000000",
      "interestIncome": "11426000000",
      "interestExpense": "8082000000",
      "nonInterestIncome": "None",
      "otherNonOperatingIncome": "None",
      "depreciation": "None",
      "depreciationAndAmortization": "-1722000000",
      "incomeBeforeTax": "1723000000",
      "incomeTaxExpense": "522000000",
      "interestAndDebtExpense": "None",
      "netIncomeFromContinuingOperations": "1201000000",
      "comprehensiveIncomeNetOfTax": "None",
      "ebit": "1698000000",
      "ebitda": "1723000000",
      "netIncome": "1176000000"
    },
    {
      "fiscalDateEnding": "2023-06-30",
      "reportedCurrency": "EUR",
      "grossProfit": "6998000000",
      "totalRevenue": "14447000000",
      "costOfRevenue": "7449000000",
      "costofGoodsAndServicesSold": "7449000000",
      "operatingIncome": "1405000000",
      "sellingGeneralAndAdministrative": "5469000000",
      "researchAndDevelopment": "None",
      "operatingExpenses": "5593000000",
      "investmentIncomeNet": "None",
      "netInterestIncome": "4193000000",
      "interestIncome": "10489000000",
      "interestExpense": "7048000000",
      "nonInterestIncome": "None",
      "otherNonOperatingIncome": "None",
      "depreciation": "None",
      "depreciationAndAmortization": "-1539000000",
      "incomeBeforeTax": "1405000000",
      "incomeTaxExpense": "466000000",
      "interestAndDebtExpense": "None",
      "netIncomeFromContinuingOperations": "693000000",
      "comprehensiveIncomeNetOfTax": "None",
      "ebit": "868000000",
      "ebitda": "1405000000",
      "netIncome": "900000000"
    },
    {
      "fiscalDateEnding": "2023-03-31",
      "reportedCurrency": "EUR",
      "grossProfit": "7311000000",
      "totalRevenue": "13969000000",
      "costOfRevenue": "6658000000",
      "costofGoodsAndServicesSold": "6658000000",
      "operatingIncome": "1852000000",
      "sellingGeneralAndAdministrative": "5457000000",
      "researchAndDevelopment": "None",
      "operatingExpenses": "5459000000",
      "investmentIncomeNet": "None",
      "netInterestIncome": "3424000000",
      "interestIncome": "9710000000",
      "interestExpense": "6286000000",
      "nonInterestIncome": "None",
      "otherNonOperatingIncome": "None",
      "depreciation": "None",
      "depreciationAndAmortization": "-1852000000",
      "incomeBeforeTax": "1852000000",
      "incomeTaxExpense": "531000000",
      "interestAndDebtExpense": "None",
      "netIncomeFromContinuingOperations": "1321000000",
      "comprehensiveIncomeNetOfTax": "None",
      "ebit": "1854000000",
      "ebitda": "1852000000",
      "netIncome": "1296000000"
    },
    {
      "fiscalDateEnding": "2022-12-31",
      "reportedCurrency": "EUR",
      "grossProfit": "5740000000",
      "totalRevenue": "10571000000",
      "costOfRevenue": "4831000000",
      "costofGoodsAndServicesSold": "4831000000",
      "operatingIncome": "775000000",
      "sellingGeneralAndAdministrative": "5154000000",
      "researchAndDevelopment": "None",
      "operatingExpenses": "4965000000",
      "investmentIncomeNet": "None",
      "netInterestIncome": "3738000000",
      "interestIncome": "8218000000",
      "interestExpense": "4480000000",
      "nonInterestIncome": "None",
      "otherNonOperatingIncome": "None",
      "depreciation": "None",
      "depreciationAndAmortization": "-1240000000",
      "incomeBeforeTax": "775000000",
      "incomeTaxExpense": "-1204000000",
      "interestAndDebtExpense": "None",
      "netIncomeFromContinuingOperations": "1979000000",
      "comprehensiveIncomeNetOfTax": "None",
      "ebit": "812000000",
      "ebitda": "775000000",
      "netIncome": "1950000000"
    },
    {
      "fiscalDateEnding": "2022-09-30",
      "reportedCurrency": "EUR",
      "grossProfit": "6474000000",
      "totalRevenue": "9571000000",
      "costOfRevenue": "3097000000",
      "costofGoodsAndServicesSold": "3097000000",
      "operatingIncome": "1615000000",
      "sellingGeneralAndAdministrative": "4958000000",
      "researchAndDevelopment": "None",
      "operatingExpenses": "4859000000",
      "investmentIncomeNet": "None",
      "netInterestIncome": "3664000000",
      "interestIncome": "6411000000",
      "interestExpense": "2747000000",
      "nonInterestIncome": "None",
      "otherNonOperatingIncome": "None",
      "depreciation": "None",
      "depreciationAndAmortization": "-1609000000",
      "incomeBeforeTax": "1615000000",
      "incomeTaxExpense": "372000000",
      "interestAndDebtExpense": "None",
      "netIncomeFromContinuingOperations": "1243000000",
      "comprehensiveIncomeNetOfTax": "None",
      "ebit": "1521000000",
      "ebitda": "1615000000",
      "netIncome": "1209000000"
    },
    {
      "fiscalDateEnding": "2022-06-30",
      "reportedCurrency": "EUR",
      "grossProfit": "6347000000",
      "totalRevenue": "8454000000",
      "costOfRevenue": "2107000000",
      "costofGoodsAndServicesSold": "2107000000",
      "operatingIncome": "1547000000",
      "sellingGeneralAndAdministrative": "4907000000",
      "researchAndDevelopment": "None",
      "operatingExpenses": "4800000000",
      "investmentIncomeNet": "None",
      "netInterestIncome": "3371000000",
      "interestIncome": "5245000000",
      "interestExpense": "1874000000",
      "nonInterestIncome": "None",
      "otherNonOperatingIncome": "None",
      "depreciation": "None",
      "depreciationAndAmortization": "-1512000000",
      "incomeBeforeTax": "1547000000",
      "incomeTaxExpense": "336000000",
      "interestAndDebtExpense": "None",
      "netIncomeFromContinuingOperations": "1211000000",
      "comprehensiveIncomeNetOfTax": "None",
      "ebit": "3357000000",
      "ebitda": "1547000000",
      "netIncome": "1179000000"
    },
    {
      "fiscalDateEnding": "2022-03-31",
      "reportedCurrency": "EUR",
      "grossProfit": "7000000000",
      "totalRevenue": "8840000000",
      "costOfRevenue": "1840000000",
      "costofGoodsAndServicesSold": "1840000000",
      "operatingIncome": "1658000000",
      "sellingGeneralAndAdministrative": "5395000000",
      "researchAndDevelopment": "None",
      "operatingExpenses": "5342000000",
      "investmentIncomeNet": "None",
      "netInterestIncome": "2877000000",
      "interestIncome": "4425000000",
      "interestExpense": "1548000000",
      "nonInterestIncome": "None",
      "otherNonOperatingIncome": "None",
      "depreciation": "None",
      "depreciationAndAmortization": "-1475000000",
      "incomeBeforeTax": "1658000000",
      "incomeTaxExpense": "431000000",
      "interestAndDebtExpense": "None",
      "netIncomeFromContinuingOperations": "1227000000",
      "comprehensiveIncomeNetOfTax": "None",
      "ebit": "3206000000",
      "ebitda": "1658000000",
      "netIncome": "1187000000"
    },
    {
      "fiscalDateEnding": "2021-12-31",
      "reportedCurrency": "EUR",
      "grossProfit": "5592000000",
      "totalRevenue": "7191000000",
      "costOfRevenue": "1599000000",
      "costofGoodsAndServicesSold": "1599000000",
      "operatingIncome": "82000000",
      "sellingGeneralAndAdministrative": "5408000000",
      "researchAndDevelopment": "None",
      "operatingExpenses": "5510000000",
      "investmentIncomeNet": "None",
      "netInterestIncome": "2923000000",
      "interestIncome": "4268000000",
      "interestExpense": "1345000000",
      "nonInterestIncome": "None",
      "otherNonOperatingIncome": "None",
      "depreciation": "None",
      "depreciationAndAmortization": "-1567000000",
      "incomeBeforeTax": "82000000",
      "incomeTaxExpense": "-234000000",
      "interestAndDebtExpense": "None",
      "netIncomeFromContinuingOperations": "316000000",
      "comprehensiveIncomeNetOfTax": "None",
      "ebit": "399000000",
      "ebitda": "82000000",
      "netIncome": "263000000"
    },
    {
      "fiscalDateEnding": "2021-09-30",
      "reportedCurrency": "EUR",
      "grossProfit": "5932000000",
      "totalRevenue": "7423000000",
      "costOfRevenue": "1491000000",
      "costofGoodsAndServicesSold": "1491000000",
      "operatingIncome": "554000000",
      "sellingGeneralAndAdministrative": "5360000000",
      "researchAndDevelopment": "None",
      "operatingExpenses": "5378000000",
      "investmentIncomeNet": "None",
      "netInterestIncome": "2774000000",
      "interestIncome": "4191000000",
      "interestExpense": "1374000000",
      "nonInterestIncome": "None",
      "otherNonOperatingIncome": "None",
      "depreciation": "None",
      "depreciationAndAmortization": "-518000000",
      "incomeBeforeTax": "554000000",
      "incomeTaxExpense": "225000000",
      "interestAndDebtExpense": "None",
      "netIncomeFromContinuingOperations": "301000000",
      "comprehensiveIncomeNetOfTax": "None",
      "ebit": "566000000",
      "ebitda": "554000000",
      "netIncome": "306000000"
    },
    {
      "fiscalDateEnding": "2021-06-30",
      "reportedCurrency": "EUR",
      "grossProfit": "6088000000",
      "totalRevenue": "7455000000",
      "costOfRevenue": "1367000000",
      "costofGoodsAndServicesSold": "1367000000",
      "operatingIncome": "1165000000",
      "sellingGeneralAndAdministrative": "4912000000",
      "researchAndDevelopment": "None",
      "operatingExpenses": "4923000000",
      "investmentIncomeNet": "None",
      "netInterestIncome": "2652000000",
      "interestIncome": "3994000000",
      "interestExpense": "1292000000",
      "nonInterestIncome": "None",
      "otherNonOperatingIncome": "None",
      "depreciation": "None",
      "depreciationAndAmortization": "-1573000000",
      "incomeBeforeTax": "1165000000",
      "incomeTaxExpense": "338000000",
      "interestAndDebtExpense": "None",
      "netIncomeFromContinuingOperations": "837000000",
      "comprehensiveIncomeNetOfTax": "None",
      "ebit": "3998000000",
      "ebitda": "1165000000",
      "netIncome": "795000000"
    },
    {
      "fiscalDateEnding": "2021-03-31",
      "reportedCurrency": "EUR",
      "grossProfit": "7114000000",
      "totalRevenue": "8616000000",
      "costOfRevenue": "1502000000",
      "costofGoodsAndServicesSold": "1502000000",
      "operatingIncome": "1589000000",
      "sellingGeneralAndAdministrative": "5479000000",
      "researchAndDevelopment": "None",
      "operatingExpenses": "5525000000",
      "investmentIncomeNet": "None",
      "netInterestIncome": "2796000000",
      "interestIncome": "4275000000",
      "interestExpense": "1433000000",
      "nonInterestIncome": "None",
      "otherNonOperatingIncome": "None",
      "depreciation": "None",
      "depreciationAndAmortization": "-1609000000",
      "incomeBeforeTax": "1589000000",
      "incomeTaxExpense": "552000000",
      "interestAndDebtExpense": "None",
      "netIncomeFromContinuingOperations": "1244000000",
      "comprehensiveIncomeNetOfTax": "None",
      "ebit": "1564000000",
      "ebitda": "1589000000",
      "netIncome": "1002000000"
    },
    {
      "fiscalDateEnding": "2020-12-31",
      "reportedCurrency": "EUR",
      "grossProfit": "5161000000",
      "totalRevenue": "6626000000",
      "costOfRevenue": "1465000000",
      "costofGoodsAndServicesSold": "1465000000",
      "operatingIncome": "240000000",
      "sellingGeneralAndAdministrative": "1755000000",
      "researchAndDevelopment": "None",
      "operatingExpenses": "4921000000",
      "investmentIncomeNet": "None",
      "netInterestIncome": "2565000000",
      "interestIncome": "3903000000",
      "interestExpense": "1213000000",
      "nonInterestIncome": "None",
      "otherNonOperatingIncome": "None",
      "depreciation": "None",
      "depreciationAndAmortization": "-894000000",
      "incomeBeforeTax": "240000000",
      "incomeTaxExpense": "13000000",
      "interestAndDebtExpense": "None",
      "netIncomeFromContinuingOperations": "214000000",
      "comprehensiveIncomeNetOfTax": "None",
      "ebit": "1435000000",
      "ebitda": "240000000",
      "netIncome": "185000000"
    },
    {
      "fiscalDateEnding": "2020-09-30",
      "reportedCurrency": "EUR",
      "grossProfit": "5644000000",
      "totalRevenue": "7288000000",
      "costOfRevenue": "1644000000",
      "costofGoodsAndServicesSold": "1644000000",
      "operatingIncome": "482000000",
      "sellingGeneralAndAdministrative": "4999000000",
      "researchAndDevelopment": "None",
      "operatingExpenses": "5162000000",
      "investmentIncomeNet": "None",
      "netInterestIncome": "2621000000",
      "interestIncome": "4032000000",
      "interestExpense": "1371000000",
      "nonInterestIncome": "None",
      "otherNonOperatingIncome": "None",
      "depreciation": "None",
      "depreciationAndAmortization": "-721000000",
      "incomeBeforeTax": "482000000",
      "incomeTaxExpense": "173000000",
      "interestAndDebtExpense": "None",
      "netIncomeFromContinuingOperations": "317000000",
      "comprehensiveIncomeNetOfTax": "None",
      "ebit": "459000000",
      "ebitda": "482000000",
      "netIncome": "278000000"
    },
    {
      "fiscalDateEnding": "2020-06-30",
      "reportedCurrency": "EUR",
      "grossProfit": "5454000000",
      "totalRevenue": "7616000000",
      "costOfRevenue": "2162000000",
      "costofGoodsAndServicesSold": "2162000000",
      "operatingIncome": "158000000",
      "sellingGeneralAndAdministrative": "5244000000",
      "researchAndDevelopment": "None",
      "operatingExpenses": "5296000000",
      "investmentIncomeNet": "None",
      "netInterestIncome": "3093000000",
      "interestIncome": "4527000000",
      "interestExpense": "1401000000",
      "nonInterestIncome": "None",
      "otherNonOperatingIncome": "None",
      "depreciation": "None",
      "depreciationAndAmortization": "-268000000",
      "incomeBeforeTax": "158000000",
      "incomeTaxExpense": "97000000",
      "interestAndDebtExpense": "None",
      "netIncomeFromContinuingOperations": "84000000",
      "comprehensiveIncomeNetOfTax": "None",
      "ebit": "1514000000",
      "ebitda": "158000000",
      "netIncome": "28000000"
    },
    {
      "fiscalDateEnding": "2020-03-31",
      "reportedCurrency": "EUR",
      "grossProfit": "5681000000",
      "totalRevenue": "8417000000",
      "costOfRevenue": "2736000000",
      "costofGoodsAndServicesSold": "2736000000",
      "operatingIncome": "74000000",
      "sellingGeneralAndAdministrative": "5550000000",
      "researchAndDevelopment": "None",
      "operatingExpenses": "5607000000",
      "investmentIncomeNet": "None",
      "netInterestIncome": "3251000000",
      "interestIncome": "5492000000",
      "interestExpense": "2230000000",
      "nonInterestIncome": "None",
      "otherNonOperatingIncome": "None",
      "depreciation": "None",
      "depreciationAndAmortization": "-346000000",
      "incomeBeforeTax": "74000000",
      "incomeTaxExpense": "78000000",
      "interestAndDebtExpense": "None",
      "netIncomeFromContinuingOperations": "-4000000",
      "comprehensiveIncomeNetOfTax": "None",
      "ebit": "2650000000",
      "ebitda": "74000000",
      "netIncome": "-27000000"
    },
    {
      "fiscalDateEnding": "2019-12-31",
      "reportedCurrency": "EUR",
      "grossProfit": "5060000000",
      "totalRevenue": "7466000000",
      "costOfRevenue": "2406000000",
      "costofGoodsAndServicesSold": "2406000000",
      "operatingIncome": "-1293000000",
      "sellingGeneralAndAdministrative": "2342000000",
      "researchAndDevelopment": "0",
      "operatingExpenses": "6353000000",
      "investmentIncomeNet": "None",
      "netInterestIncome": "3267000000",
      "interestIncome": "5543000000",
      "interestExpense": "2160000000",
      "nonInterestIncome": "None",
      "otherNonOperatingIncome": "0",
      "depreciation": "None",
      "depreciationAndAmortization": "-823000000",
      "incomeBeforeTax": "-1293000000",
      "incomeTaxExpense": "190000000",
      "interestAndDebtExpense": "None",
      "netIncomeFromContinuingOperations": "-1483000000",
      "comprehensiveIncomeNetOfTax": "None",
      "ebit": "1690000000",
      "ebitda": "-1293000000",
      "netIncome": "-1519000000"
    },
    {
      "fiscalDateEnding": "2019-09-30",
      "reportedCurrency": "EUR",
      "grossProfit": "5061000000",
      "totalRevenue": "8109000000",
      "costOfRevenue": "3048000000",
      "costofGoodsAndServicesSold": "3048000000",
      "operatingIncome": "-687000000",
      "sellingGeneralAndAdministrative": "5549000000",
      "researchAndDevelopment": "0",
      "operatingExpenses": "5748000000",
      "investmentIncomeNet": "None",
      "netInterestIncome": "3455000000",
      "interestIncome": "6299000000",
      "interestExpense": "2873000000",
      "nonInterestIncome": "None",
      "otherNonOperatingIncome": "0",
      "depreciation": "None",
      "depreciationAndAmortization": "461000000",
      "incomeBeforeTax": "-687000000",
      "incomeTaxExpense": "145000000",
      "interestAndDebtExpense": "None",
      "netIncomeFromContinuingOperations": "-832000000",
      "comprehensiveIncomeNetOfTax": "None",
      "ebit": "4733000000",
      "ebitda": "-687000000",
      "netIncome": "-859000000"
    },
    {
      "fiscalDateEnding": "2019-06-30",
      "reportedCurrency": "EUR",
      "grossProfit": "5973000000",
      "totalRevenue": "9324000000",
      "costOfRevenue": "3351000000",
      "costofGoodsAndServicesSold": "3351000000",
      "operatingIncome": "-946000000",
      "sellingGeneralAndAdministrative": "5902000000",
      "researchAndDevelopment": "0",
      "operatingExpenses": "6919000000",
      "investmentIncomeNet": "None",
      "netInterestIncome": "3673000000",
      "interestIncome": "6805000000",
      "interestExpense": "3190000000",
      "nonInterestIncome": "None",
      "otherNonOperatingIncome": "0",
      "depreciation": "None",
      "depreciationAndAmortization": "-139000000",
      "incomeBeforeTax": "-946000000",
      "incomeTaxExpense": "2204000000",
      "interestAndDebtExpense": "None",
      "netIncomeFromContinuingOperations": "-3150000000",
      "comprehensiveIncomeNetOfTax": "None",
      "ebit": "2244000000",
      "ebitda": "-946000000",
      "netIncome": "-3190000000"
    },
    {
      "fiscalDateEnding": "2019-03-31",
      "reportedCurrency": "EUR",
      "grossProfit": "6134000000",
      "totalRevenue": "9421000000",
      "costOfRevenue": "3287000000",
      "costofGoodsAndServicesSold": "3287000000",
      "operatingIncome": "292000000",
      "sellingGeneralAndAdministrative": "5953000000",
      "researchAndDevelopment": "0",
      "operatingExpenses": "5842000000",
      "investmentIncomeNet": "None",
      "netInterestIncome": "3356000000",
      "interestIncome": "6502000000",
      "interestExpense": "3147000000",
      "nonInterestIncome": "None",
      "otherNonOperatingIncome": "0",
      "depreciation": "None",
      "depreciationAndAmortization": "-275000000",
      "incomeBeforeTax": "292000000",
      "incomeTaxExpense": "91000000",
      "interestAndDebtExpense": "None",
      "netIncomeFromContinuingOperations": "201000000",
      "comprehensiveIncomeNetOfTax": "None",
      "ebit": "3439000000",
      "ebitda": "292000000",
      "netIncome": "178000000"
    },
    {
      "fiscalDateEnding": "2018-12-31",
      "reportedCurrency": "EUR",
      "grossProfit": "5300000000",
      "totalRevenue": "8068000000",
      "costOfRevenue": "2768000000",
      "costofGoodsAndServicesSold": "2768000000",
      "operatingIncome": "-320000000",
      "sellingGeneralAndAdministrative": "4619000000",
      "researchAndDevelopment": "0",
      "operatingExpenses": "5620000000",
      "investmentIncomeNet": "None",
      "netInterestIncome": "None",
      "interestIncome": "None",
      "interestExpense": "2516000000",
      "nonInterestIncome": "None",
      "otherNonOperatingIncome": "0",
      "depreciation": "None",
      "depreciationAndAmortization": "-164000000",
      "incomeBeforeTax": "-320000000",
      "incomeTaxExpense": "89000000",
      "interestAndDebtExpense": "None",
      "netIncomeFromContinuingOperations": "-810169407.04",
      "comprehensiveIncomeNetOfTax": "None",
      "ebit": "2197000000",
      "ebitda": "-320000000",
      "netIncome": "-425000000"
    },
    {
      "fiscalDateEnding": "2018-09-30",
      "reportedCurrency": "EUR",
      "grossProfit": "6021000000",
      "totalRevenue": "8712000000",
      "costOfRevenue": "2691000000",
      "costofGoodsAndServicesSold": "2691000000",
      "operatingIncome": "506000000",
      "sellingGeneralAndAdministrative": "5487000000",
      "researchAndDevelopment": "0",
      "operatingExpenses": "5515000000",
      "investmentIncomeNet": "None",
      "netInterestIncome": "None",
      "interestIncome": "None",
      "interestExpense": "2601000000",
      "nonInterestIncome": "None",
      "otherNonOperatingIncome": "0",
      "depreciation": "None",
      "depreciationAndAmortization": "-583000000",
      "incomeBeforeTax": "506000000",
      "incomeTaxExpense": "277000000",
      "interestAndDebtExpense": "None",
      "netIncomeFromContinuingOperations": "265107663.81",
      "comprehensiveIncomeNetOfTax": "None",
      "ebit": "4315000000",
      "ebitda": "506000000",
      "netIncome": "211000000"
    },
    {
      "fiscalDateEnding": "2018-06-30",
      "reportedCurrency": "EUR",
      "grossProfit": "6283000000",
      "totalRevenue": "9328000000",
      "costOfRevenue": "3045000000",
      "costofGoodsAndServicesSold": "3045000000",
      "operatingIncome": "711000000",
      "sellingGeneralAndAdministrative": "5633000000",
      "researchAndDevelopment": "0",
      "operatingExpenses": "5572000000",
      "investmentIncomeNet": "None",
      "netInterestIncome": "None",
      "interestIncome": "None",
      "interestExpense": "2950000000",
      "nonInterestIncome": "None",
      "otherNonOperatingIncome": "None",
      "depreciation": "None",
      "depreciationAndAmortization": "-893000000",
      "incomeBeforeTax": "711000000",
      "incomeTaxExpense": "310000000",
      "interestAndDebtExpense": "None",
      "netIncomeFromContinuingOperations": "466713221.60",
      "comprehensiveIncomeNetOfTax": "None",
      "ebit": "5407000000",
      "ebitda": "711000000",
      "netIncome": "361000000"
    },
    {
      "fiscalDateEnding": "2018-03-31",
      "reportedCurrency": "EUR",
      "grossProfit": "6616000000",
      "totalRevenue": "9748000000",
      "costOfRevenue": "3132000000",
      "costofGoodsAndServicesSold": "3132000000",
      "operatingIncome": "432000000",
      "sellingGeneralAndAdministrative": "6392000000",
      "researchAndDevelopment": "0",
      "operatingExpenses": "6184000000",
      "investmentIncomeNet": "None",
      "netInterestIncome": "None",
      "interestIncome": "None",
      "interestExpense": "3044000000",
      "nonInterestIncome": "None",
      "otherNonOperatingIncome": "None",
      "depreciation": "None",
      "depreciationAndAmortization": "-431000000",
      "incomeBeforeTax": "432000000",
      "incomeTaxExpense": "312000000",
      "interestAndDebtExpense": "None",
      "netIncomeFromContinuingOperations": "120000000",
      "comprehensiveIncomeNetOfTax": "None",
      "ebit": "3476000000",
      "ebitda": "432000000",
      "netIncome": "120000000"
    },
    {
      "fiscalDateEnding": "2017-12-31",
      "reportedCurrency": "EUR",
      "grossProfit": "5568000000",
      "totalRevenue": "9406000000",
      "costOfRevenue": "3838000000",
      "costofGoodsAndServicesSold": "3838000000",
      "operatingIncome": "-1405000000",
      "sellingGeneralAndAdministrative": "5250000000",
      "researchAndDevelopment": "0",
      "operatingExpenses": "6973000000",
      "investmentIncomeNet": "None",
      "netInterestIncome": "None",
      "interestIncome": "None",
      "interestExpense": "3701000000",
      "nonInterestIncome": "None",
      "otherNonOperatingIncome": "None",
      "depreciation": "None",
      "depreciationAndAmortization": "663000000",
      "incomeBeforeTax": "-1405000000",
      "incomeTaxExpense": "1019000000",
      "interestAndDebtExpense": "None",
      "netIncomeFromContinuingOperations": "-3437000000",
      "comprehensiveIncomeNetOfTax": "None",
      "ebit": "6797000000",
      "ebitda": "-1405000000",
      "netIncome": "-2415000000"
    },
    {
      "fiscalDateEnding": "2017-09-30",
      "reportedCurrency": "EUR",
      "grossProfit": "6570000000",
      "totalRevenue": "9479000000",
      "costOfRevenue": "2909000000",
      "costofGoodsAndServicesSold": "2909000000",
      "operatingIncome": "933000000",
      "sellingGeneralAndAdministrative": "4603000000",
      "researchAndDevelopment": "0",
      "operatingExpenses": "5637000000",
      "investmentIncomeNet": "None",
      "netInterestIncome": "None",
      "interestIncome": "None",
      "interestExpense": "2725000000",
      "nonInterestIncome": "None",
      "otherNonOperatingIncome": "None",
      "depreciation": "None",
      "depreciationAndAmortization": "-1061000000",
      "incomeBeforeTax": "933000000",
      "incomeTaxExpense": "284000000",
      "interestAndDebtExpense": "None",
      "netIncomeFromContinuingOperations": "4535000000",
      "comprehensiveIncomeNetOfTax": "None",
      "ebit": "1101000000",
      "ebitda": "933000000",
      "netIncome": "647000000"
    },
    {
      "fiscalDateEnding": "2017-06-30",
      "reportedCurrency": "EUR",
      "grossProfit": "6452000000",
      "totalRevenue": "9712000000",
      "costOfRevenue": "3260000000",
      "costofGoodsAndServicesSold": "3260000000",
      "operatingIncome": "822000000",
      "sellingGeneralAndAdministrative": "4730000000",
      "researchAndDevelopment": "0",
      "operatingExpenses": "5630000000",
      "investmentIncomeNet": "None",
      "netInterestIncome": "None",
      "interestIncome": "None",
      "interestExpense": "3181000000",
      "nonInterestIncome": "None",
      "otherNonOperatingIncome": "None",
      "depreciation": "None",
      "depreciationAndAmortization": "-866000000",
      "incomeBeforeTax": "822000000",
      "incomeTaxExpense": "357000000",
      "interestAndDebtExpense": "None",
      "netIncomeFromContinuingOperations": "-2409000000",
      "comprehensiveIncomeNetOfTax": "None",
      "ebit": "934000000",
      "ebitda": "822000000",
      "netIncome": "447000000"
    },
    {
      "fiscalDateEnding": "2017-03-31",
      "reportedCurrency": "EUR",
      "grossProfit": "7192000000",
      "totalRevenue": "10280000000",
      "costOfRevenue": "3088000000",
      "costofGoodsAndServicesSold": "3088000000",
      "operatingIncome": "878000000",
      "sellingGeneralAndAdministrative": "6379000000",
      "researchAndDevelopment": "0",
      "operatingExpenses": "6314000000",
      "investmentIncomeNet": "None",
      "netInterestIncome": "None",
      "interestIncome": "None",
      "interestExpense": "2955000000",
      "nonInterestIncome": "None",
      "otherNonOperatingIncome": "None",
      "depreciation": "None",
      "depreciationAndAmortization": "-833000000",
      "incomeBeforeTax": "878000000",
      "incomeTaxExpense": "303000000",
      "interestAndDebtExpense": "None",
      "netIncomeFromContinuingOperations": "575000000",
      "comprehensiveIncomeNetOfTax": "None",
      "ebit": "1018000000",
      "ebitda": "878000000",
      "netIncome": "571000000"
    },
    {
      "fiscalDateEnding": "2016-12-31",
      "reportedCurrency": "EUR",
      "grossProfit": "6550000000",
      "totalRevenue": "10016000000",
      "costOfRevenue": "3466000000",
      "costofGoodsAndServicesSold": "3466000000",
      "operatingIncome": "-2416000000",
      "sellingGeneralAndAdministrative": "4822000000",
      "researchAndDevelopment": "0",
      "operatingExpenses": "8966000000",
      "investmentIncomeNet": "None",
      "netInterestIncome": "None",
      "interestIncome": "None",
      "interestExpense": "2959000000",
      "nonInterestIncome": "None",
      "otherNonOperatingIncome": "None",
      "depreciation": "None",
      "depreciationAndAmortization": "-673000000",
      "incomeBeforeTax": "-2416000000",
      "incomeTaxExpense": "-525000000",
      "interestAndDebtExpense": "None",
      "netIncomeFromContinuingOperations": "-1357000000",
      "comprehensiveIncomeNetOfTax": "None",
      "ebit": "-390000000",
      "ebitda": "-2416000000",
      "netIncome": "-1890000000"
    },
    {
      "fiscalDateEnding": "2016-09-30",
      "reportedCurrency": "EUR",
      "grossProfit": "7091000000",
      "totalRevenue": "10252000000",
      "costOfRevenue": "3161000000",
      "costofGoodsAndServicesSold": "3161000000",
      "operatingIncome": "619000000",
      "sellingGeneralAndAdministrative": "5005000000",
      "researchAndDevelopment": "0",
      "operatingExpenses": "6472000000",
      "investmentIncomeNet": "None",
      "netInterestIncome": "None",
      "interestIncome": "None",
      "interestExpense": "2834000000",
      "nonInterestIncome": "None",
      "otherNonOperatingIncome": "None",
      "depreciation": "None",
      "depreciationAndAmortization": "-1115000000",
      "incomeBeforeTax": "619000000",
      "incomeTaxExpense": "340000000",
      "interestAndDebtExpense": "None",
      "netIncomeFromContinuingOperations": "0",
      "comprehensiveIncomeNetOfTax": "None",
      "ebit": "714000000",
      "ebitda": "619000000",
      "netIncome": "256000000"
    },
    {
      "fiscalDateEnding": "2016-06-30",
      "reportedCurrency": "EUR",
      "grossProfit": "6880000000",
      "totalRevenue": "10168000000",
      "costOfRevenue": "3288000000",
      "costofGoodsAndServicesSold": "3288000000",
      "operatingIncome": "408000000",
      "sellingGeneralAndAdministrative": "5044000000",
      "researchAndDevelopment": "0",
      "operatingExpenses": "6472000000",
      "investmentIncomeNet": "None",
      "netInterestIncome": "None",
      "interestIncome": "None",
      "interestExpense": "3029000000",
      "nonInterestIncome": "None",
      "otherNonOperatingIncome": "None",
      "depreciation": "None",
      "depreciationAndAmortization": "-992000000",
      "incomeBeforeTax": "408000000",
      "incomeTaxExpense": "388000000",
      "interestAndDebtExpense": "None",
      "netIncomeFromContinuingOperations": "0",
      "comprehensiveIncomeNetOfTax": "None",
      "ebit": "-1453000000",
      "ebitda": "408000000",
      "netIncome": "18000000"
    },
    {
      "fiscalDateEnding": "2016-03-31",
      "reportedCurrency": "EUR",
      "grossProfit": "7659000000",
      "totalRevenue": "10071000000",
      "costOfRevenue": "2412000000",
      "costofGoodsAndServicesSold": "2412000000",
      "operatingIncome": "579000000",
      "sellingGeneralAndAdministrative": "5720000000",
      "researchAndDevelopment": "0",
      "operatingExpenses": "7080000000",
      "investmentIncomeNet": "None",
      "netInterestIncome": "None",
      "interestIncome": "None",
      "interestExpense": "2108000000",
      "nonInterestIncome": "None",
      "otherNonOperatingIncome": "None",
      "depreciation": "None",
      "depreciationAndAmortization": "-978000000",
      "incomeBeforeTax": "579000000",
      "incomeTaxExpense": "343000000",
      "interestAndDebtExpense": "None",
      "netIncomeFromContinuingOperations": "0",
      "comprehensiveIncomeNetOfTax": "None",
      "ebit": "-731000000",
      "ebitda": "579000000",
      "netIncome": "214000000"
    },
    {
      "fiscalDateEnding": "2015-12-31",
      "reportedCurrency": "EUR",
      "grossProfit": "5997000000",
      "totalRevenue": "8464000000",
      "costOfRevenue": "2467000000",
      "costofGoodsAndServicesSold": "2467000000",
      "operatingIncome": "-2704000000",
      "sellingGeneralAndAdministrative": "5533000000",
      "researchAndDevelopment": "0",
      "operatingExpenses": "8701000000",
      "investmentIncomeNet": "None",
      "netInterestIncome": "None",
      "interestIncome": "None",
      "interestExpense": "2056000000",
      "nonInterestIncome": "None",
      "otherNonOperatingIncome": "None",
      "depreciation": "None",
      "depreciationAndAmortization": "782000000",
      "incomeBeforeTax": "-2704000000",
      "incomeTaxExpense": "-579000000",
      "interestAndDebtExpense": "None",
      "netIncomeFromContinuingOperations": "-6773000000",
      "comprehensiveIncomeNetOfTax": "None",
      "ebit": "-787000000",
      "ebitda": "-2704000000",
      "netIncome": "-2120000000"
    },
    {
      "fiscalDateEnding": "2015-09-30",
      "reportedCurrency": "EUR",
      "grossProfit": "7695000000",
      "totalRevenue": "10870000000",
      "costOfRevenue": "3175000000",
      "costofGoodsAndServicesSold": "3175000000",
      "operatingIncome": "-6101000000",
      "sellingGeneralAndAdministrative": "5252000000",
      "researchAndDevelopment": "0",
      "operatingExpenses": "13796000000",
      "investmentIncomeNet": "None",
      "netInterestIncome": "None",
      "interestIncome": "None",
      "interestExpense": "2968000000",
      "nonInterestIncome": "None",
      "otherNonOperatingIncome": "None",
      "depreciation": "None",
      "depreciationAndAmortization": "-879000000",
      "incomeBeforeTax": "-6101000000",
      "incomeTaxExpense": "-77000000",
      "interestAndDebtExpense": "None",
      "netIncomeFromContinuingOperations": "0",
      "comprehensiveIncomeNetOfTax": "None",
      "ebit": "-2254000000",
      "ebitda": "-6101000000",
      "netIncome": "-6013000000"
    },
    {
      "fiscalDateEnding": "2015-06-30",
      "reportedCurrency": "EUR",
      "grossProfit": "8805000000",
      "totalRevenue": "11771000000",
      "costOfRevenue": "2966000000",
      "costofGoodsAndServicesSold": "2966000000",
      "operatingIncome": "1228000000",
      "sellingGeneralAndAdministrative": "5431000000",
      "researchAndDevelopment": "0",
      "operatingExpenses": "7577000000",
      "investmentIncomeNet": "None",
      "netInterestIncome": "None",
      "interestIncome": "None",
      "interestExpense": "2815000000",
      "nonInterestIncome": "None",
      "otherNonOperatingIncome": "None",
      "depreciation": "None",
      "depreciationAndAmortization": "-2461000000",
      "incomeBeforeTax": "1228000000",
      "incomeTaxExpense": "410000000",
      "interestAndDebtExpense": "None",
      "netIncomeFromContinuingOperations": "0",
      "comprehensiveIncomeNetOfTax": "None",
      "ebit": "4043000000",
      "ebitda": "1228000000",
      "netIncome": "796000000"
    },
    {
      "fiscalDateEnding": "2015-03-31",
      "reportedCurrency": "EUR",
      "grossProfit": "9957000000",
      "totalRevenue": "12422000000",
      "costOfRevenue": "2465000000",
      "costofGoodsAndServicesSold": "2465000000",
      "operatingIncome": "1479000000",
      "sellingGeneralAndAdministrative": "6064000000",
      "researchAndDevelopment": "0",
      "operatingExpenses": "8478000000",
      "investmentIncomeNet": "None",
      "netInterestIncome": "None",
      "interestIncome": "None",
      "interestExpense": "2247000000",
      "nonInterestIncome": "None",
      "otherNonOperatingIncome": "None",
      "depreciation": "None",
      "depreciationAndAmortization": "-3047000000",
      "incomeBeforeTax": "1479000000",
      "incomeTaxExpense": "920000000",
      "interestAndDebtExpense": "None",
      "netIncomeFromContinuingOperations": "0",
      "comprehensiveIncomeNetOfTax": "None",
      "ebit": "3062000000",
      "ebitda": "1479000000",
      "netIncome": "544000000"
    },
    {
      "fiscalDateEnding": "2014-12-31",
      "reportedCurrency": "EUR",
      "grossProfit": "7321000000",
      "totalRevenue": "10381000000",
      "costOfRevenue": "3060000000",
      "costofGoodsAndServicesSold": "3060000000",
      "operatingIncome": "252000000",
      "sellingGeneralAndAdministrative": "4120000000",
      "researchAndDevelopment": "0",
      "operatingExpenses": "7069000000",
      "investmentIncomeNet": "None",
      "netInterestIncome": "None",
      "interestIncome": "None",
      "interestExpense": "2666000000",
      "nonInterestIncome": "None",
      "otherNonOperatingIncome": "None",
      "depreciation": "None",
      "depreciationAndAmortization": "-1543000000",
      "incomeBeforeTax": "252000000",
      "incomeTaxExpense": "-189000000",
      "interestAndDebtExpense": "None",
      "netIncomeFromContinuingOperations": "1691000000",
      "comprehensiveIncomeNetOfTax": "None",
      "ebit": "6221000000",
      "ebitda": "252000000",
      "netIncome": "438000000"
    },
    {
      "fiscalDateEnding": "2014-09-30",
      "reportedCurrency": "EUR",
      "grossProfit": "7428000000",
      "totalRevenue": "10193000000",
      "costOfRevenue": "2765000000",
      "costofGoodsAndServicesSold": "2765000000",
      "operatingIncome": "266000000",
      "sellingGeneralAndAdministrative": "5335000000",
      "researchAndDevelopment": "0",
      "operatingExpenses": "7162000000",
      "investmentIncomeNet": "None",
      "netInterestIncome": "None",
      "interestIncome": "None",
      "interestExpense": "2496000000",
      "nonInterestIncome": "None",
      "otherNonOperatingIncome": "None",
      "depreciation": "None",
      "depreciationAndAmortization": "-1174000000",
      "incomeBeforeTax": "266000000",
      "incomeTaxExpense": "358000000",
      "interestAndDebtExpense": "None",
      "netIncomeFromContinuingOperations": "0",
      "comprehensiveIncomeNetOfTax": "None",
      "ebit": "3936000000",
      "ebitda": "266000000",
      "netIncome": "-94000000"
    },
    {
      "fiscalDateEnding": "2014-06-30",
      "reportedCurrency": "EUR",
      "grossProfit": "7437000000",
      "totalRevenue": "10383000000",
      "costOfRevenue": "2946000000",
      "costofGoodsAndServicesSold": "2946000000",
      "operatingIncome": "917000000",
      "sellingGeneralAndAdministrative": "5205000000",
      "researchAndDevelopment": "0",
      "operatingExpenses": "6520000000",
      "investmentIncomeNet": "None",
      "netInterestIncome": "None",
      "interestIncome": "None",
      "interestExpense": "2696000000",
      "nonInterestIncome": "None",
      "otherNonOperatingIncome": "None",
      "depreciation": "None",
      "depreciationAndAmortization": "-1441000000",
      "incomeBeforeTax": "917000000",
      "incomeTaxExpense": "679000000",
      "interestAndDebtExpense": "None",
      "netIncomeFromContinuingOperations": "0",
      "comprehensiveIncomeNetOfTax": "None",
      "ebit": "7264000000",
      "ebitda": "917000000",
      "netIncome": "237000000"
    },
    {
      "fiscalDateEnding": "2014-03-31",
      "reportedCurrency": "EUR",
      "grossProfit": "7993000000",
      "totalRevenue": "11110000000",
      "costOfRevenue": "3117000000",
      "costofGoodsAndServicesSold": "3117000000",
      "operatingIncome": "1680000000",
      "sellingGeneralAndAdministrative": "5330000000",
      "researchAndDevelopment": "0",
      "operatingExpenses": "6313000000",
      "investmentIncomeNet": "None",
      "netInterestIncome": "None",
      "interestIncome": "None",
      "interestExpense": "2871000000",
      "nonInterestIncome": "None",
      "otherNonOperatingIncome": "None",
      "depreciation": "None",
      "depreciationAndAmortization": "-1736000000",
      "incomeBeforeTax": "1680000000",
      "incomeTaxExpense": "577000000",
      "interestAndDebtExpense": "None",
      "netIncomeFromContinuingOperations": "0",
      "comprehensiveIncomeNetOfTax": "None",
      "ebit": "11039000000",
      "ebitda": "1680000000",
      "netIncome": "1083000000"
    },
    {
      "fiscalDateEnding": "2013-12-31",
      "reportedCurrency": "EUR",
      "grossProfit": "5739000000",
      "totalRevenue": "7896000000",
      "costOfRevenue": "2157000000",
      "costofGoodsAndServicesSold": "2157000000",
      "operatingIncome": "-1768000000",
      "sellingGeneralAndAdministrative": "3084000000",
      "researchAndDevelopment": "0",
      "operatingExpenses": "7507000000",
      "investmentIncomeNet": "None",
      "netInterestIncome": "None",
      "interestIncome": "None",
      "interestExpense": "1405000000",
      "nonInterestIncome": "None",
      "otherNonOperatingIncome": "None",
      "depreciation": "None",
      "depreciationAndAmortization": "346000000",
      "incomeBeforeTax": "-1768000000",
      "incomeTaxExpense": "-403000000",
      "interestAndDebtExpense": "None",
      "netIncomeFromContinuingOperations": "0",
      "comprehensiveIncomeNetOfTax": "None",
      "ebit": "-351000000",
      "ebitda": "-1768000000",
      "netIncome": "-1360000000"
    },
    {
      "fiscalDateEnding": "2013-09-30",
      "reportedCurrency": "EUR",
      "grossProfit": "7100000000",
      "totalRevenue": "10523000000",
      "costOfRevenue": "3423000000",
      "costofGoodsAndServicesSold": "3423000000",
      "operatingIncome": "18000000",
      "sellingGeneralAndAdministrative": "6136000000",
      "researchAndDevelopment": "0",
      "operatingExpenses": "7082000000",
      "investmentIncomeNet": "None",
      "netInterestIncome": "None",
      "interestIncome": "None",
      "interestExpense": "2911000000",
      "nonInterestIncome": "None",
      "otherNonOperatingIncome": "None",
      "depreciation": "None",
      "depreciationAndAmortization": "-1211000000",
      "incomeBeforeTax": "18000000",
      "incomeTaxExpense": "-33000000",
      "interestAndDebtExpense": "None",
      "netIncomeFromContinuingOperations": "0",
      "comprehensiveIncomeNetOfTax": "None",
      "ebit": "-677000000",
      "ebitda": "18000000",
      "netIncome": "41000000"
    },
    {
      "fiscalDateEnding": "2013-06-30",
      "reportedCurrency": "EUR",
      "grossProfit": "7637000000",
      "totalRevenue": "11114000000",
      "costOfRevenue": "3477000000",
      "costofGoodsAndServicesSold": "3477000000",
      "operatingIncome": "792000000",
      "sellingGeneralAndAdministrative": "5748000000",
      "researchAndDevelopment": "0",
      "operatingExpenses": "6845000000",
      "investmentIncomeNet": "None",
      "netInterestIncome": "None",
      "interestIncome": "None",
      "interestExpense": "3004000000",
      "nonInterestIncome": "None",
      "otherNonOperatingIncome": "None",
      "depreciation": "None",
      "depreciationAndAmortization": "-1614000000",
      "incomeBeforeTax": "792000000",
      "incomeTaxExpense": "457000000",
      "interestAndDebtExpense": "None",
      "netIncomeFromContinuingOperations": "0",
      "comprehensiveIncomeNetOfTax": "None",
      "ebit": "-568000000",
      "ebitda": "792000000",
      "netIncome": "334000000"
    },
    {
      "fiscalDateEnding": "2013-03-31",
      "reportedCurrency": "EUR",
      "grossProfit": "9001000000",
      "totalRevenue": "12299000000",
      "costOfRevenue": "3298000000",
      "costofGoodsAndServicesSold": "3298000000",
      "operatingIncome": "2414000000",
      "sellingGeneralAndAdministrative": "5644000000",
      "researchAndDevelopment": "0",
      "operatingExpenses": "6587000000",
      "investmentIncomeNet": "None",
      "netInterestIncome": "None",
      "interestIncome": "None",
      "interestExpense": "2944000000",
      "nonInterestIncome": "None",
      "otherNonOperatingIncome": "None",
      "depreciation": "None",
      "depreciationAndAmortization": "-2611000000",
      "incomeBeforeTax": "2414000000",
      "incomeTaxExpense": "753000000",
      "interestAndDebtExpense": "None",
      "netIncomeFromContinuingOperations": "0",
      "comprehensiveIncomeNetOfTax": "None",
      "ebit": "8113000000",
      "ebitda": "2414000000",
      "netIncome": "1651000000"
    },
    {
      "fiscalDateEnding": "2012-12-31",
      "reportedCurrency": "EUR",
      "grossProfit": "7307000000",
      "totalRevenue": "10721000000",
      "costOfRevenue": "3414000000",
      "costofGoodsAndServicesSold": "3414000000",
      "operatingIncome": "-3182000000",
      "sellingGeneralAndAdministrative": "2297000000",
      "researchAndDevelopment": "0",
      "operatingExpenses": "10489000000",
      "investmentIncomeNet": "None",
      "netInterestIncome": "None",
      "interestIncome": "None",
      "interestExpense": "2972000000",
      "nonInterestIncome": "None",
      "otherNonOperatingIncome": "None",
      "depreciation": "None",
      "depreciationAndAmortization": "-802000000",
      "incomeBeforeTax": "-3182000000",
      "incomeTaxExpense": "-655000000",
      "interestAndDebtExpense": "None",
      "netIncomeFromContinuingOperations": "0",
      "comprehensiveIncomeNetOfTax": "None",
      "ebit": "578000000",
      "ebitda": "-3182000000",
      "netIncome": "-2541000000"
    },
    {
      "fiscalDateEnding": "2012-09-30",
      "reportedCurrency": "EUR",
      "grossProfit": "7930000000",
      "totalRevenue": "12331000000",
      "costOfRevenue": "4401000000",
      "costofGoodsAndServicesSold": "4401000000",
      "operatingIncome": "1127000000",
      "sellingGeneralAndAdministrative": "5591000000",
      "researchAndDevelopment": "0",
      "operatingExpenses": "6803000000",
      "investmentIncomeNet": "None",
      "netInterestIncome": "None",
      "interestIncome": "None",
      "interestExpense": "3846000000",
      "nonInterestIncome": "None",
      "otherNonOperatingIncome": "None",
      "depreciation": "None",
      "depreciationAndAmortization": "503000000",
      "incomeBeforeTax": "1127000000",
      "incomeTaxExpense": "373000000",
      "interestAndDebtExpense": "None",
      "netIncomeFromContinuingOperations": "0",
      "comprehensiveIncomeNetOfTax": "None",
      "ebit": "1127000000",
      "ebitda": "1630000000",
      "netIncome": "747000000"
    },
    {
      "fiscalDateEnding": "2012-06-30",
      "reportedCurrency": "EUR",
      "grossProfit": "7546000000",
      "totalRevenue": "13306000000",
      "costOfRevenue": "5760000000",
      "costofGoodsAndServicesSold": "5760000000",
      "operatingIncome": "967000000",
      "sellingGeneralAndAdministrative": "5548000000",
      "researchAndDevelopment": "0",
      "operatingExpenses": "6579000000",
      "investmentIncomeNet": "None",
      "netInterestIncome": "None",
      "interestIncome": "None",
      "interestExpense": "5342000000",
      "nonInterestIncome": "None",
      "otherNonOperatingIncome": "None",
      "depreciation": "None",
      "depreciationAndAmortization": "604000000",
      "incomeBeforeTax": "967000000",
      "incomeTaxExpense": "301000000",
      "interestAndDebtExpense": "None",
      "netIncomeFromContinuingOperations": "0",
      "comprehensiveIncomeNetOfTax": "None",
      "ebit": "967000000",
      "ebitda": "1571000000",
      "netIncome": "656000000"
    },
    {
      "fiscalDateEnding": "2012-03-31",
      "reportedCurrency": "EUR",
      "grossProfit": "9029000000",
      "totalRevenue": "13518000000",
      "costOfRevenue": "4489000000",
      "costofGoodsAndServicesSold": "4489000000",
      "operatingIncome": "1887000000",
      "sellingGeneralAndAdministrative": "5969000000",
      "researchAndDevelopment": "0",
      "operatingExpenses": "7142000000",
      "investmentIncomeNet": "None",
      "netInterestIncome": "None",
      "interestIncome": "None",
      "interestExpense": "4175000000",
      "nonInterestIncome": "None",
      "otherNonOperatingIncome": "None",
      "depreciation": "None",
      "depreciationAndAmortization": "1009000000",
      "incomeBeforeTax": "1887000000",
      "incomeTaxExpense": "480000000",
      "interestAndDebtExpense": "None",
      "netIncomeFromContinuingOperations": "0",
      "comprehensiveIncomeNetOfTax": "None",
      "ebit": "1887000000",
      "ebitda": "2896000000",
      "netIncome": "1388000000"
    },
    {
      "fiscalDateEnding": "2011-12-31",
      "reportedCurrency": "EUR",
      "grossProfit": "6676000000",
      "totalRevenue": "10771000000",
      "costOfRevenue": "4095000000",
      "costofGoodsAndServicesSold": "4095000000",
      "operatingIncome": "-351000000",
      "sellingGeneralAndAdministrative": "1796000000",
      "researchAndDevelopment": "0",
      "operatingExpenses": "7027000000",
      "investmentIncomeNet": "None",
      "netInterestIncome": "None",
      "interestIncome": "None",
      "interestExpense": "3549000000",
      "nonInterestIncome": "None",
      "otherNonOperatingIncome": "None",
      "depreciation": "None",
      "depreciationAndAmortization": "1455000000",
      "incomeBeforeTax": "-351000000",
      "incomeTaxExpense": "-537000000",
      "interestAndDebtExpense": "None",
      "netIncomeFromContinuingOperations": "0",
      "comprehensiveIncomeNetOfTax": "None",
      "ebit": "-351000000",
      "ebitda": "1104000000",
      "netIncome": "147000000"
    },
    {
      "fiscalDateEnding": "2011-09-30",
      "reportedCurrency": "EUR",
      "grossProfit": "6795000000",
      "totalRevenue": "11595000000",
      "costOfRevenue": "4800000000",
      "costofGoodsAndServicesSold": "4800000000",
      "operatingIncome": "942000000",
      "sellingGeneralAndAdministrative": "5685000000",
      "researchAndDevelopment": "0",
      "operatingExpenses": "5853000000",
      "investmentIncomeNet": "None",
      "netInterestIncome": "None",
      "interestIncome": "None",
      "interestExpense": "4337000000",
      "nonInterestIncome": "None",
      "otherNonOperatingIncome": "None",
      "depreciation": "None",
      "depreciationAndAmortization": "789000000",
      "incomeBeforeTax": "942000000",
      "incomeTaxExpense": "165000000",
      "interestAndDebtExpense": "None",
      "netIncomeFromContinuingOperations": "0",
      "comprehensiveIncomeNetOfTax": "None",
      "ebit": "942000000",
      "ebitda": "1731000000",
      "netIncome": "725000000"
    },
    {
      "fiscalDateEnding": "2011-06-30",
      "reportedCurrency": "EUR",
      "grossProfit": "8008000000",
      "totalRevenue": "13819000000",
      "costOfRevenue": "5811000000",
      "costofGoodsAndServicesSold": "5811000000",
      "operatingIncome": "1778000000",
      "sellingGeneralAndAdministrative": "6298000000",
      "researchAndDevelopment": "0",
      "operatingExpenses": "6230000000",
      "investmentIncomeNet": "None",
      "netInterestIncome": "None",
      "interestIncome": "None",
      "interestExpense": "5347000000",
      "nonInterestIncome": "None",
      "otherNonOperatingIncome": "None",
      "depreciation": "None",
      "depreciationAndAmortization": "1409000000",
      "incomeBeforeTax": "1778000000",
      "incomeTaxExpense": "545000000",
      "interestAndDebtExpense": "None",
      "netIncomeFromContinuingOperations": "0",
      "comprehensiveIncomeNetOfTax": "None",
      "ebit": "1778000000",
      "ebitda": "3187000000",
      "netIncome": "1198000000"
    },
    {
      "fiscalDateEnding": "2011-03-31",
      "reportedCurrency": "EUR",
      "grossProfit": "10133000000",
      "totalRevenue": "14708000000",
      "costOfRevenue": "4575000000",
      "costofGoodsAndServicesSold": "4575000000",
      "operatingIncome": "3021000000",
      "sellingGeneralAndAdministrative": "7080000000",
      "researchAndDevelopment": "0",
      "operatingExpenses": "7112000000",
      "investmentIncomeNet": "None",
      "netInterestIncome": "None",
      "interestIncome": "None",
      "interestExpense": "4202000000",
      "nonInterestIncome": "None",
      "otherNonOperatingIncome": "None",
      "depreciation": "None",
      "depreciationAndAmortization": "44000000",
      "incomeBeforeTax": "3021000000",
      "incomeTaxExpense": "891000000",
      "interestAndDebtExpense": "None",
      "netIncomeFromContinuingOperations": "0",
      "comprehensiveIncomeNetOfTax": "None",
      "ebit": "3021000000",
      "ebitda": "3065000000",
      "netIncome": "2062000000"
    },
    {
      "fiscalDateEnding": "2010-12-31",
      "reportedCurrency": "EUR",
      "grossProfit": "6972000000",
      "totalRevenue": "10255000000",
      "costOfRevenue": "3283000000",
      "costofGoodsAndServicesSold": "3283000000",
      "operatingIncome": "707000000",
      "sellingGeneralAndAdministrative": "2624000000",
      "researchAndDevelopment": "0",
      "operatingExpenses": "6265000000",
      "investmentIncomeNet": "None",
      "netInterestIncome": "None",
      "interestIncome": "None",
      "interestExpense": "2859000000",
      "nonInterestIncome": "None",
      "otherNonOperatingIncome": "None",
      "depreciation": "None",
      "depreciationAndAmortization": "700000000",
      "incomeBeforeTax": "707000000",
      "incomeTaxExpense": "101000000",
      "interestAndDebtExpense": "None",
      "netIncomeFromContinuingOperations": "0",
      "comprehensiveIncomeNetOfTax": "None",
      "ebit": "707000000",
      "ebitda": "1407000000",
      "netIncome": "601000000"
    },
    {
      "fiscalDateEnding": "2010-09-30",
      "reportedCurrency": "EUR",
      "grossProfit": "6923000000",
      "totalRevenue": "10570000000",
      "costOfRevenue": "3647000000",
      "costofGoodsAndServicesSold": "3647000000",
      "operatingIncome": "-1048000000",
      "sellingGeneralAndAdministrative": "5671000000",
      "researchAndDevelopment": "0",
      "operatingExpenses": "7971000000",
      "investmentIncomeNet": "None",
      "netInterestIncome": "None",
      "interestIncome": "None",
      "interestExpense": "3285000000",
      "nonInterestIncome": "None",
      "otherNonOperatingIncome": "None",
      "depreciation": "None",
      "depreciationAndAmortization": "2584000000",
      "incomeBeforeTax": "-1048000000",
      "incomeTaxExpense": "170000000",
      "interestAndDebtExpense": "None",
      "netIncomeFromContinuingOperations": "0",
      "comprehensiveIncomeNetOfTax": "None",
      "ebit": "-1048000000",
      "ebitda": "1536000000",
      "netIncome": "-1213000000"
    },
    {
      "fiscalDateEnding": "2010-06-30",
      "reportedCurrency": "EUR",
      "grossProfit": "6819000000",
      "totalRevenue": "11244000000",
      "costOfRevenue": "4425000000",
      "costofGoodsAndServicesSold": "4425000000",
      "operatingIncome": "1524000000",
      "sellingGeneralAndAdministrative": "5388000000",
      "researchAndDevelopment": "0",
      "operatingExpenses": "5295000000",
      "investmentIncomeNet": "None",
      "netInterestIncome": "None",
      "interestIncome": "None",
      "interestExpense": "4182000000",
      "nonInterestIncome": "None",
      "otherNonOperatingIncome": "None",
      "depreciation": "None",
      "depreciationAndAmortization": "394000000",
      "incomeBeforeTax": "1524000000",
      "incomeTaxExpense": "358000000",
      "interestAndDebtExpense": "None",
      "netIncomeFromContinuingOperations": "0",
      "comprehensiveIncomeNetOfTax": "None",
      "ebit": "1524000000",
      "ebitda": "1918000000",
      "netIncome": "1160000000"
    },
    {
      "fiscalDateEnding": "2010-03-31",
      "reportedCurrency": "EUR",
      "grossProfit": "8565000000",
      "totalRevenue": "11697000000",
      "costOfRevenue": "3132000000",
      "costofGoodsAndServicesSold": "3132000000",
      "operatingIncome": "2793000000",
      "sellingGeneralAndAdministrative": "5915000000",
      "researchAndDevelopment": "0",
      "operatingExpenses": "5772000000",
      "investmentIncomeNet": "None",
      "netInterestIncome": "None",
      "interestIncome": "None",
      "interestExpense": "2870000000",
      "nonInterestIncome": "None",
      "otherNonOperatingIncome": "None",
      "depreciation": "None",
      "depreciationAndAmortization": "577000000",
      "incomeBeforeTax": "2793000000",
      "incomeTaxExpense": "1016000000",
      "interestAndDebtExpense": "None",
      "netIncomeFromContinuingOperations": "0",
      "comprehensiveIncomeNetOfTax": "None",
      "ebit": "2793000000",
      "ebitda": "3370000000",
      "netIncome": "1762000000"
    },
    {
      "fiscalDateEnding": "2009-12-31",
      "reportedCurrency": "EUR",
      "grossProfit": "5193000000",
      "totalRevenue": "8067000000",
      "costOfRevenue": "2874000000",
      "costofGoodsAndServicesSold": "2874000000",
      "operatingIncome": "756000000",
      "sellingGeneralAndAdministrative": "1349000000",
      "researchAndDevelopment": "0",
      "operatingExpenses": "4437000000",
      "investmentIncomeNet": "None",
      "netInterestIncome": "None",
      "interestIncome": "None",
      "interestExpense": "2249000000",
      "nonInterestIncome": "None",
      "otherNonOperatingIncome": "None",
      "depreciation": "None",
      "depreciationAndAmortization": "139000000",
      "incomeBeforeTax": "756000000",
      "incomeTaxExpense": "-553000000",
      "interestAndDebtExpense": "None",
      "netIncomeFromContinuingOperations": "0",
      "comprehensiveIncomeNetOfTax": "None",
      "ebit": "756000000",
      "ebitda": "895000000",
      "netIncome": "1315000000"
    },
    {
      "fiscalDateEnding": "2009-09-30",
      "reportedCurrency": "EUR",
      "grossProfit": "6663000000",
      "totalRevenue": "10029000000",
      "costOfRevenue": "3366000000",
      "costofGoodsAndServicesSold": "3366000000",
      "operatingIncome": "1315000000",
      "sellingGeneralAndAdministrative": "5379000000",
      "researchAndDevelopment": "0",
      "operatingExpenses": "5348000000",
      "investmentIncomeNet": "None",
      "netInterestIncome": "None",
      "interestIncome": "None",
      "interestExpense": "2822000000",
      "nonInterestIncome": "None",
      "otherNonOperatingIncome": "None",
      "depreciation": "None",
      "depreciationAndAmortization": "147000000",
      "incomeBeforeTax": "1315000000",
      "incomeTaxExpense": "-78000000",
      "interestAndDebtExpense": "None",
      "netIncomeFromContinuingOperations": "0",
      "comprehensiveIncomeNetOfTax": "None",
      "ebit": "1315000000",
      "ebitda": "1462000000",
      "netIncome": "1380000000"
    },
    {
      "fiscalDateEnding": "2009-06-30",
      "reportedCurrency": "EUR",
      "grossProfit": "6734000000",
      "totalRevenue": "12201000000",
      "costOfRevenue": "5467000000",
      "costofGoodsAndServicesSold": "5467000000",
      "operatingIncome": "1316000000",
      "sellingGeneralAndAdministrative": "5467000000",
      "researchAndDevelopment": "0",
      "operatingExpenses": "5418000000",
      "investmentIncomeNet": "None",
      "netInterestIncome": "None",
      "interestIncome": "None",
      "interestExpense": "4467000000",
      "nonInterestIncome": "None",
      "otherNonOperatingIncome": "None",
      "depreciation": "None",
      "depreciationAndAmortization": "-90000000",
      "incomeBeforeTax": "1316000000",
      "incomeTaxExpense": "242000000",
      "interestAndDebtExpense": "None",
      "netIncomeFromContinuingOperations": "0",
      "comprehensiveIncomeNetOfTax": "None",
      "ebit": "1316000000",
      "ebitda": "1226000000",
      "netIncome": "1092000000"
    },
    {
      "fiscalDateEnding": "2009-03-31",
      "reportedCurrency": "EUR",
      "grossProfit": "6899000000",
      "totalRevenue": "12381000000",
      "costOfRevenue": "5482000000",
      "costofGoodsAndServicesSold": "5482000000",
      "operatingIncome": "1815000000",
      "sellingGeneralAndAdministrative": "5021000000",
      "researchAndDevelopment": "0",
      "operatingExpenses": "5084000000",
      "investmentIncomeNet": "None",
      "netInterestIncome": "None",
      "interestIncome": "None",
      "interestExpense": "4956000000",
      "nonInterestIncome": "None",
      "otherNonOperatingIncome": "None",
      "depreciation": "None",
      "depreciationAndAmortization": "1586000000",
      "incomeBeforeTax": "1815000000",
      "incomeTaxExpense": "633000000",
      "interestAndDebtExpense": "None",
      "netIncomeFromContinuingOperations": "0",
      "comprehensiveIncomeNetOfTax": "None",
      "ebit": "1815000000",
      "ebitda": "3401000000",
      "netIncome": "1185000000"
    },
    {
      "fiscalDateEnding": "2008-12-31",
      "reportedCurrency": "EUR",
      "grossProfit": "1359239700",
      "totalRevenue": "19319460840",
      "costOfRevenue": "17960221140",
      "costofGoodsAndServicesSold": "17960221140",
      "operatingIncome": "-6082158870",
      "sellingGeneralAndAdministrative": "5254574120",
      "researchAndDevelopment": "0",
      "operatingExpenses": "7441398570",
      "investmentIncomeNet": "None",
      "netInterestIncome": "None",
      "interestIncome": "None",
      "interestExpense": "17177217090",
      "nonInterestIncome": "None",
      "otherNonOperatingIncome": "None",
      "depreciation": "None",
      "depreciationAndAmortization": "1729465320",
      "incomeBeforeTax": "-6082158870",
      "incomeTaxExpense": "-1535049010",
      "interestAndDebtExpense": "None",
      "netIncomeFromContinuingOperations": "0",
      "comprehensiveIncomeNetOfTax": "None",
      "ebit": "-6082158870",
      "ebitda": "-4352693550",
      "netIncome": "-4486109860"
    },
    {
      "fiscalDateEnding": "2008-09-30",
      "reportedCurrency": "EUR",
      "grossProfit": "4167000000",
      "totalRevenue": "14805000000",
      "costOfRevenue": "10638000000",
      "costofGoodsAndServicesSold": "10638000000",
      "operatingIncome": "93000000",
      "sellingGeneralAndAdministrative": "4146000000",
      "researchAndDevelopment": "0",
      "operatingExpenses": "4074000000",
      "investmentIncomeNet": "None",
      "netInterestIncome": "None",
      "interestIncome": "None",
      "interestExpense": "10402000000",
      "nonInterestIncome": "None",
      "otherNonOperatingIncome": "None",
      "depreciation": "None",
      "depreciationAndAmortization": "339000000",
      "incomeBeforeTax": "93000000",
      "incomeTaxExpense": "-321000000",
      "interestAndDebtExpense": "None",
      "netIncomeFromContinuingOperations": "0",
      "comprehensiveIncomeNetOfTax": "None",
      "ebit": "93000000",
      "ebitda": "432000000",
      "netIncome": "435000000"
    },
    {
      "fiscalDateEnding": "2008-06-30",
      "reportedCurrency": "EUR",
      "grossProfit": "5290000000",
      "totalRevenue": "17483000000",
      "costOfRevenue": "12193000000",
      "costofGoodsAndServicesSold": "12193000000",
      "operatingIncome": "642000000",
      "sellingGeneralAndAdministrative": "4643000000",
      "researchAndDevelopment": "0",
      "operatingExpenses": "4648000000",
      "investmentIncomeNet": "None",
      "netInterestIncome": "None",
      "interestIncome": "None",
      "interestExpense": "12058000000",
      "nonInterestIncome": "None",
      "otherNonOperatingIncome": "None",
      "depreciation": "None",
      "depreciationAndAmortization": "681000000",
      "incomeBeforeTax": "642000000",
      "incomeTaxExpense": "-3000000",
      "interestAndDebtExpense": "None",
      "netIncomeFromContinuingOperations": "0",
      "comprehensiveIncomeNetOfTax": "None",
      "ebit": "642000000",
      "ebitda": "1323000000",
      "netIncome": "649000000"
    },
    {
      "fiscalDateEnding": "2008-03-31",
      "reportedCurrency": "EUR",
      "grossProfit": "4416000000",
      "totalRevenue": "17203000000",
      "costOfRevenue": "12787000000",
      "costofGoodsAndServicesSold": "12787000000",
      "operatingIncome": "-254000000",
      "sellingGeneralAndAdministrative": "5008000000",
      "researchAndDevelopment": "0",
      "operatingExpenses": "4670000000",
      "investmentIncomeNet": "None",
      "netInterestIncome": "None",
      "interestIncome": "None",
      "interestExpense": "12673000000",
      "nonInterestIncome": "None",
      "otherNonOperatingIncome": "None",
      "depreciation": "None",
      "depreciationAndAmortization": "848000000",
      "incomeBeforeTax": "-254000000",
      "incomeTaxExpense": "-113000000",
      "interestAndDebtExpense": "None",
      "netIncomeFromContinuingOperations": "0",
      "comprehensiveIncomeNetOfTax": "None",
      "ebit": "-254000000",
      "ebitda": "594000000",
      "netIncome": "-131000000"
    },
    {
      "fiscalDateEnding": "2007-12-31",
      "reportedCurrency": "EUR",
      "grossProfit": "5450032250",
      "totalRevenue": "19486506990",
      "costOfRevenue": "14036474740",
      "costofGoodsAndServicesSold": "14036474740",
      "operatingIncome": "1453984300",
      "sellingGeneralAndAdministrative": "8309119900",
      "researchAndDevelopment": "0",
      "operatingExpenses": "3996047950",
      "investmentIncomeNet": "None",
      "netInterestIncome": "None",
      "interestIncome": "None",
      "interestExpense": "13703585820",
      "nonInterestIncome": "None",
      "otherNonOperatingIncome": "None",
      "depreciation": "None",
      "depreciationAndAmortization": "None",
      "incomeBeforeTax": "1453984300",
      "incomeTaxExpense": "466752670",
      "interestAndDebtExpense": "None",
      "netIncomeFromContinuingOperations": "0",
      "comprehensiveIncomeNetOfTax": "None",
      "ebit": "1431994180",
      "ebitda": "1453984300",
      "netIncome": "951231630"
    },
    {
      "fiscalDateEnding": "2007-09-30",
      "reportedCurrency": "EUR",
      "grossProfit": "5829004860",
      "totalRevenue": "20634873420",
      "costOfRevenue": "14805868560",
      "costofGoodsAndServicesSold": "14805868560",
      "operatingIncome": "1440082350",
      "sellingGeneralAndAdministrative": "1696564170",
      "researchAndDevelopment": "0",
      "operatingExpenses": "4388922510",
      "investmentIncomeNet": "None",
      "netInterestIncome": "None",
      "interestIncome": "None",
      "interestExpense": "14700753060",
      "nonInterestIncome": "None",
      "otherNonOperatingIncome": "None",
      "depreciation": "None",
      "depreciationAndAmortization": "None",
      "incomeBeforeTax": "1440082350",
      "incomeTaxExpense": "-182200200",
      "interestAndDebtExpense": "None",
      "netIncomeFromContinuingOperations": "0",
      "comprehensiveIncomeNetOfTax": "None",
      "ebit": "1440082350",
      "ebitda": "1440082350",
      "netIncome": "1622282550"
    },
    {
      "fiscalDateEnding": "2007-06-30",
      "reportedCurrency": "EUR",
      "grossProfit": "8700494290",
      "totalRevenue": "23625864600",
      "costOfRevenue": "14925370310",
      "costofGoodsAndServicesSold": "14925370310",
      "operatingIncome": "2700204350",
      "sellingGeneralAndAdministrative": "3900705600",
      "researchAndDevelopment": "0",
      "operatingExpenses": "6000289940",
      "investmentIncomeNet": "None",
      "netInterestIncome": "None",
      "interestIncome": "None",
      "interestExpense": "14844105610",
      "nonInterestIncome": "None",
      "otherNonOperatingIncome": "None",
      "depreciation": "None",
      "depreciationAndAmortization": "406980950",
      "incomeBeforeTax": "2700204350",
      "incomeTaxExpense": "921984960",
      "interestAndDebtExpense": "None",
      "netIncomeFromContinuingOperations": "0",
      "comprehensiveIncomeNetOfTax": "None",
      "ebit": "2700204350",
      "ebitda": "3107185300",
      "netIncome": "1778219390"
    },
    {
      "fiscalDateEnding": "2007-03-31",
      "reportedCurrency": "EUR",
      "grossProfit": "9475272480",
      "totalRevenue": "23333363760",
      "costOfRevenue": "13858091280",
      "costofGoodsAndServicesSold": "13858091280",
      "operatingIncome": "3151437600",
      "sellingGeneralAndAdministrative": "4327425360",
      "researchAndDevelopment": "0",
      "operatingExpenses": "6323834880",
      "investmentIncomeNet": "None",
      "netInterestIncome": "None",
      "interestIncome": "None",
      "interestExpense": "13760029920",
      "nonInterestIncome": "None",
      "otherNonOperatingIncome": "None",
      "depreciation": "None",
      "depreciationAndAmortization": "458118720",
      "incomeBeforeTax": "3151437600",
      "incomeTaxExpense": "1030767120",
      "interestAndDebtExpense": "None",
      "netIncomeFromContinuingOperations": "0",
      "comprehensiveIncomeNetOfTax": "None",
      "ebit": "3151437600",
      "ebitda": "3609556320",
      "netIncome": "2120670480"
    },
    {
      "fiscalDateEnding": "2006-12-31",
      "reportedCurrency": "EUR",
      "grossProfit": "6437779720",
      "totalRevenue": "18176644360",
      "costOfRevenue": "11738864640",
      "costofGoodsAndServicesSold": "11738864640",
      "operatingIncome": "1879629040",
      "sellingGeneralAndAdministrative": "3145414440",
      "researchAndDevelopment": "0",
      "operatingExpenses": "4558150680",
      "investmentIncomeNet": "None",
      "netInterestIncome": "None",
      "interestIncome": "None",
      "interestExpense": "11614522200",
      "nonInterestIncome": "None",
      "otherNonOperatingIncome": "None",
      "depreciation": "None",
      "depreciationAndAmortization": "470456110",
      "incomeBeforeTax": "1879629040",
      "incomeTaxExpense": "15447800",
      "interestAndDebtExpense": "None",
      "netIncomeFromContinuingOperations": "0",
      "comprehensiveIncomeNetOfTax": "None",
      "ebit": "1879629040",
      "ebitda": "2350085150",
      "netIncome": "1818479560"
    },
    {
      "fiscalDateEnding": "2006-09-30",
      "reportedCurrency": "EUR",
      "grossProfit": "6286344880",
      "totalRevenue": "19015838680",
      "costOfRevenue": "12729493800",
      "costofGoodsAndServicesSold": "12729493800",
      "operatingIncome": "1773697960",
      "sellingGeneralAndAdministrative": "2745252640",
      "researchAndDevelopment": "0",
      "operatingExpenses": "4512646920",
      "investmentIncomeNet": "None",
      "netInterestIncome": "None",
      "interestIncome": "None",
      "interestExpense": "12653849640",
      "nonInterestIncome": "None",
      "otherNonOperatingIncome": "None",
      "depreciation": "None",
      "depreciationAndAmortization": "397126240",
      "incomeBeforeTax": "1773697960",
      "incomeTaxExpense": "535812800",
      "interestAndDebtExpense": "None",
      "netIncomeFromContinuingOperations": "0",
      "comprehensiveIncomeNetOfTax": "None",
      "ebit": "1773697960",
      "ebitda": "2170824200",
      "netIncome": "1237885160"
    },
    {
      "fiscalDateEnding": "2006-06-30",
      "reportedCurrency": "EUR",
      "grossProfit": "6858706400",
      "totalRevenue": "20968201800",
      "costOfRevenue": "14109495400",
      "costofGoodsAndServicesSold": "14109495400",
      "operatingIncome": "2039455600",
      "sellingGeneralAndAdministrative": "3090487400",
      "researchAndDevelopment": "0",
      "operatingExpenses": "4819250800",
      "investmentIncomeNet": "None",
      "netInterestIncome": "None",
      "interestIncome": "None",
      "interestExpense": "14027322400",
      "nonInterestIncome": "None",
      "otherNonOperatingIncome": "None",
      "depreciation": "None",
      "depreciationAndAmortization": "398754960",
      "incomeBeforeTax": "2039455600",
      "incomeTaxExpense": "686340200",
      "interestAndDebtExpense": "None",
      "netIncomeFromContinuingOperations": "0",
      "comprehensiveIncomeNetOfTax": "None",
      "ebit": "2039455600",
      "ebitda": "2438210560",
      "netIncome": "1353115400"
    },
    {
      "fiscalDateEnding": "2006-03-31",
      "reportedCurrency": "EUR",
      "grossProfit": "8951358500",
      "totalRevenue": "20276270770",
      "costOfRevenue": "11324912270",
      "costofGoodsAndServicesSold": "11324912270",
      "operatingIncome": "2586406350",
      "sellingGeneralAndAdministrative": "3620143880",
      "researchAndDevelopment": "0",
      "operatingExpenses": "6364952150",
      "investmentIncomeNet": "None",
      "netInterestIncome": "None",
      "interestIncome": "None",
      "interestExpense": "11315837160",
      "nonInterestIncome": "None",
      "otherNonOperatingIncome": "None",
      "depreciation": "None",
      "depreciationAndAmortization": "250803040",
      "incomeBeforeTax": "2586406350",
      "incomeTaxExpense": "951236530",
      "interestAndDebtExpense": "None",
      "netIncomeFromContinuingOperations": "0",
      "comprehensiveIncomeNetOfTax": "None",
      "ebit": "2586406350",
      "ebitda": "2837209390",
      "netIncome": "1635169820"
    },
    {
      "fiscalDateEnding": "2005-12-31",
      "reportedCurrency": "EUR",
      "grossProfit": "6420935310",
      "totalRevenue": "16145886490",
      "costOfRevenue": "9724951180",
      "costofGoodsAndServicesSold": "9724951180",
      "operatingIncome": "1038310730",
      "sellingGeneralAndAdministrative": "2618545750",
      "researchAndDevelopment": "0",
      "operatingExpenses": "5382624580",
      "investmentIncomeNet": "None",
      "netInterestIncome": "None",
      "interestIncome": "None",
      "interestExpense": "9606928370",
      "nonInterestIncome": "None",
      "otherNonOperatingIncome": "None",
      "depreciation": "None",
      "depreciationAndAmortization": "265588760",
      "incomeBeforeTax": "1038310730",
      "incomeTaxExpense": "550458500",
      "interestAndDebtExpense": "None",
      "netIncomeFromContinuingOperations": "0",
      "comprehensiveIncomeNetOfTax": "None",
      "ebit": "1038310730",
      "ebitda": "1303899490",
      "netIncome": "487852230"
    },
    {
      "fiscalDateEnding": "2005-09-30",
      "reportedCurrency": "EUR",
      "grossProfit": "6522347930",
      "totalRevenue": "15382833330",
      "costOfRevenue": "8860485400",
      "costofGoodsAndServicesSold": "8860485400",
      "operatingIncome": "1875995830",
      "sellingGeneralAndAdministrative": "2733783910",
      "researchAndDevelopment": "0",
      "operatingExpenses": "4646352100",
      "investmentIncomeNet": "None",
      "netInterestIncome": "None",
      "interestIncome": "None",
      "interestExpense": "8773210450",
      "nonInterestIncome": "None",
      "otherNonOperatingIncome": "None",
      "depreciation": "None",
      "depreciationAndAmortization": "401606130",
      "incomeBeforeTax": "1875995830",
      "incomeTaxExpense": "886048540",
      "interestAndDebtExpense": "None",
      "netIncomeFromContinuingOperations": "0",
      "comprehensiveIncomeNetOfTax": "None",
      "ebit": "1875995830",
      "ebitda": "2277601960",
      "netIncome": "989947290"
    }
  ]
}
